1867 2942
514 156 888 217 HERQIDES.
943 161 1107 215 Ensae.
1123 161 1270 213 XIX.
1389 184 1398 189 ·
1488 171 1551 216 93

216 288 292 336 Sis
313 296 463 336 tamen
484 289 570 337 hoc
589 287 752 353 potius,
776 289 909 353 quam
930 293 1051 355 quod
1061 291 1183 356 prius
1205 311 1305 343 esse
1326 296 1528 344 solebas:

284 352 352 401 Et
369 353 507 401 facias
526 355 747 417 placidum
768 373 849 419 per
868 373 993 405 mare
1013 362 1138 406 tutus
1159 359 1258 406 iter.

217 416 352 480 Dum
372 416 508 466 modo
523 420 585 466 sis
606 421 751 467 idem:
780 423 885 468 dum
908 424 984 478 sic,
1009 430 1061 470 ut
1082 425 1247 480 scribis,
1267 440 1494 473 amemur:

282 481 574 546 Flammaque
595 486 685 532 non
706 485 785 532 fiat
804 487 993 549 frigidus
1013 489 1089 536 illa
1110 490 1236 535 cinis.

212 546 328 595 Non
348 565 437 610 ego
458 556 550 596 tam
566 557 727 598 ventos
748 552 897 607 timeo,
921 568 1023 600 mea
1042 560 1150 601 vota
1168 561 1408 610 morantes,

283 611 448 669 Quffin,
473 615 629 662 similis
649 623 800 673 vento,
824 633 881 664 ne
902 624 1007 665 tuus
1029 626 1146 666 erret
1167 634 1319 666 amort
1403 614 1414 626 ⁸
1465 618 1474 625 '

210 677 294 726 Ne
314 694 406 726 non
429 679 512 741 sim
535 681 657 737 tanti,
683 690 979 744 superentque
999 683 1195 746 pericula
1216 699 1440 732 caussam:

280 743 349 790 Et
367 744 520 791 videar
540 761 712 793 merces
735 763 832 794 esse
851 747 1004 795 labore
1024 749 1184 796 minor.

213 805 452 856 Interdum
474 819 640 865 metuo,
662 809 808 874 patria
829 827 886 859 ne
906 813 1058 868 laedar,
1082 819 1128 860 et
1147 813 1290 876 impar

282 873 442 921 Ducat
464 874 688 936 Abydeno
710 876 906 924 Thressa
920 878 1068 940 puella
1087 885 1201 925 toro.
1453 881 1551 926 100

211 936 356 987 Ferre
376 946 527 987 tamen
547 956 730 1003 possum
751 939 991 1003 patientius
1012 944 1191 1001 omnia3
1214 941 1347 1006 quam
1368 942 1408 991 si
1558 965 1561 971 ¹

281 1002 402 1059 Otia,
425 1006 578 1052 nescio
599 1003 686 1067 qua
706 1007 863 1068 pellice
884 1016 1051 1071 captus,
1074 1023 1208 1071 agas:

212 1065 275 1116 In
296 1076 376 1119 tua
397 1071 434 1117 si
455 1072 640 1118 veniant
660 1071 788 1119 alieni
812 1073 927 1120 colla
946 1073 1126 1120 lacerti:

282 1134 440 1196 Sitque
459 1144 606 1184 nov'us
628 1138 768 1185 nostri
789 1135 891 1184 finis
906 1138 1070 1186 amoris
1091 1154 1229 1187 amor.

212 1198 292 1247 Ah
314 1197 463 1262 potius
481 1217 674 1263 peream,
698 1200 830 1263 quam
853 1202 1039 1250 crimine
1059 1204 1270 1252 vulnerer
1287 1202 1402 1252 istoz

279 1263 478 1327 Fataque
501 1267 591 1314 sint
612 1267 741 1330 culpa
762 1277 915 1316 nostra
934 1269 1082 1331 priora
1103 1269 1201 1319 tua!

209 1327 317 1377 Neo
338 1331 441 1393 quia
460 1332 637 1379 venturi
659 1333 830 1380 dederis
853 1335 961 1380 mihi
983 1335 1114 1396 signa
1135 1334 1314 1390 doloris,

276 1394 400 1443 Haec
419 1396 607 1458 loquor3
631 1405 708 1445 aut
727 1397 848 1446 fama
869 1399 1105 1446 sollicitata
1125 1397 1258 1446 nova.

213 1460 386 1509 Omnia
407 1463 485 1509 sed
500 1478 687 1520 vereor;
716 1465 838 1527 (quis
856 1465 976 1511 enim
993 1480 1177 1512 securus
1193 1460 1414 1524 amaviffl)

282 1524 426 1589 Cogit
447 1534 494 1574 et
515 1529 719 1576 absentes
742 1530 870 1592 plura
892 1531 1051 1578 timere
1071 1530 1215 1578 locus.
1449 1530 1547 1577 110

213 1589 394 1639 Felices
416 1592 527 1649 illas,
552 1609 633 1641 sua
652 1610 763 1655 quas
785 1596 1025 1657 praesentia
1046 1593 1180 1642 nosse

284 1654 490 1706 Crimina
509 1675 619 1706 vera
628 1660 772 1720 jubet,
796 1660 910 1707 falsa
930 1661 1088 1708 timere
1111 1659 1258 1709 vetat!

214 1720 322 1770 Nos
344 1729 436 1770 tam
457 1738 578 1770 vana
599 1732 766 1779 movet,
789 1723 922 1784 quam
946 1725 1067 1772 facta
1087 1726 1250 1787 injuria
1268 1724 1410 1773 fallit:

284 1784 453 1835 Incitat
476 1795 523 1834 et
538 1803 717 1835 morsus
740 1804 865 1835 error
886 1796 1075 1850 uterque
1094 1805 1238 1852 pares.

213 1851 261 1901 O
283 1854 457 1900 utinam
478 1852 657 1900 venias!
683 1860 763 1899 aut
784 1860 835 1899 ut
856 1863 1081 1901 ventusve
1101 1862 1299 1916 paterve,

283 1915 547 1979 Caussaque
570 1918 629 1965 sit
652 1925 788 1965 certae
808 1917 979 1965 femina
999 1919 1124 1966 nulla
1143 1919 1307 1967 morae!

214 1980 357 2037 Quod
379 1984 417 2030 si
440 1998 573 2045 quam
598 1983 764 2041 scien-03
788 1984 956 2030 moriar
974 1984 1105 2047 (mihi
1128 1981 1281 2046 crede)
1306 1983 1515 2032 dolendo.

278 2047 554 2096 Jamdudum
578 2064 752 2111 peccas,
779 2050 816 2095 si
838 2064 940 2095 mea
962 2048 1056 2096 fata
1076 2049 1208 2110 petis,

213 2112 311 2161 Sed
332 2128 478 2175 neque
498 2115 716 2176 peccabis,
740 2113 997 2175 frustraque
1017 2131 1106 2177 ego
1130 2121 1302 2161 terreor
1322 2113 1445 2161 istis:

281 2178 478 2240 Qu6que
499 2177 650 2228 minus
666 2182 835 2234 venias,
858 2179 1012 2226 invida
1030 2186 1205 2242 pugnat
1225 2180 1384 2226 hiems.
1455 2182 1551 2227 120

211 2242 304 2303 Me
323 2245 559 2293 miseram!
591 2253 760 2306 quanto
781 2246 1062 2309 planguntur
1083 2245 1218 2292 litora
1238 2242 1403 2293 fluctu!

280 2308 351 2357 Et
369 2308 482 2355 latet
497 2309 684 2358 obscura
706 2312 889 2359 condita
912 2311 1031 2358 nube
1054 2310 1169 2359 dies!

214 2372 431 2423 Forsitan
455 2375 512 2421 ad
532 2382 721 2437 pontum
744 2384 888 2424 mater
911 2377 986 2438 pia
1006 2376 1183 2424 venerit
1204 2372 1386 2430 Helles,

282 2439 531 2501 Mersaque
554 2441 712 2488 roratis
736 2449 842 2488 nata
861 2441 1025 2488 fleatur
1048 2441 1198 2502 aquis:

212 2504 296 2553 An
319 2520 455 2560 mare,
481 2506 535 2551 ab
557 2506 704 2552 inviso
726 2507 951 2568 privignae
974 2505 1159 2554 nomine
1174 2505 1360 2559 dictum,

280 2568 437 2617 Vexat
458 2570 507 2615 in
530 2585 785 2632 aequoream
807 2586 941 2618 versa
963 2586 1161 2618 noverca
1183 2569 1369 2618 Deam?

212 2633 329 2684 Non
349 2633 488 2691 favet,
511 2641 561 2682 ut
578 2651 699 2682 nunc
719 2643 803 2691 est,
826 2637 996 2684 teneris
1018 2637 1146 2684 locus
1167 2636 1254 2683 iste
1273 2634 1450 2698 puellis.

279 2698 388 2750 Hac
412 2696 557 2751 Helle
577 2701 711 2767 periit
718 2717 734 2762 3
758 2699 844 2750 hac
865 2717 957 2766 ego
978 2702 1118 2752 laedor
1140 2698 1269 2766 aquii-
