1867 2942
313 161 411 206 120,
644 155 703 205 P..
730 152 976 204 ovum?
997 152 1300 206 NASONIS
1334 187 1349 202 .

308 285 729 335 Ferreusotantem
752 287 1062 347 nequicquam,
1075 286 1261 349 Janitor‚
1282 285 1425 335 audis.

378 350 634 399 Roboribus
656 352 779 398 duris
793 353 933 414 janua
945 351 1061 398 fulta
1081 353 1213 413 riget.

314 416 512 464 Urbibus
534 417 726 462 obsessis
746 416 917 462 clausae
931 417 1182 463 munimina
1199 422 1347 478 portae

378 478 594 535 Prnsint:
632 482 679 526 in
701 478 850 527 media
868 496 980 541 pace
1000 481 1108 541 quid
1127 496 1254 527 arma
1274 479 1440 527 times?
1573 485 1651 529 50

317 545 443 600 Quid
462 545 600 595 facias
614 546 746 600 hosti,
769 547 845 606 qui
868 545 934 592 sic
955 545 1158 592 excludis
1179 544 1443 592 amantem?

377 609 607 672 Tempora
624 611 771 657 noctis
790 616 920 656 eunt:
960 618 1125 657 excute
1145 618 1279 672 poste
1298 625 1460 657 seram.

310 674 427 722 Non
450 691 541 738 ego
552 675 774 725 militibus
792 675 928 722 venio
950 676 1190 722 comitatus
1210 682 1258 722 et
1277 675 1428 722 armis.

385 739 520 787 Solus
541 756 677 795 eram,
700 741 741 787 si
760 755 852 787 non
876 755 1026 786 saevus
1048 741 1225 787 adesset
1245 739 1408 786 Amor.

304 803 460 873 ,Hunc
481 821 582 886 ego,
607 806 645 852 si
667 806 855 866 cupiam,
878 819 1100 866 nusquam
1123 805 1348 851 dimittere
1366 802 1557 867 possim.

382 867 510 916 Ante
530 870 605 917 vel
625 868 653 916 a
671 869 882 916 membris
903 869 1109 916 dividar’
1097 885 1192 930 lpse
1207 870 1336 916 meis.

315 933 450 996 Ergo
473 936 631 989 Amor,
654 941 701 981 et
720 934 947 980 modicum
969 933 1089 979 cirea
1108 948 1211 980 mea
1228 941 1435 996 tempora
1447 933 1612 981 vinum

382 999 571 1046 Mecum
593 1006 675 1054 est,
699 1005 746 1045 et
765 996 955 1044 madidis
975 997 1101 1059 lapsa
1114 1013 1282 1045 corona
1303 999 1461 1047 comis.

316 1064 463 1112 Arma
483 1067 605 1126 quis
604 1065 704 1110 haec
723 1062 921 1109 timeat?
948 1062 1049 1124 quis
1070 1066 1163 1110 non
1184 1070 1258 1110 eat
1278 1063 1438 1112 obvius
1451 1062 1590 1110 illis?

381 1128 610 1190 Tempora
630 1128 775 1174 noctis
796 1135 928 1174 eunt:
965 1134 1131 1190 excute
1143 1135 1276 1208 poste
1297 1143 1458 1175 seram.
1477 1166 1482 1169 Α
1576 1131 1650 1175 40

318 1192 497 1241 Lentus
517 1192 600 1240 es?
622 1207 691 1239 an
712 1207 897 1238 somnus
918 1193 1020 1255 (qui
1042 1207 1108 1240 se
1103 1184 1233 1239 male
1252 1194 1425 1255 praebet
1447 1191 1652 1255 amanti)

383 1257 538 1305 Verba
557 1257 667 1303 dat
653 1273 701 1303 m
721 1264 884 1304 ventos
898 1272 1007 1305 aure
1027 1258 1205 1319 repulsa
1225 1256 1336 1305 tua?

318 1318 388 1371 At'
411 1321 639 1386 (memini)
659 1319 819 1384 primo,
841 1319 944 1369 cum
968 1329 1015 1370 te
1035 1323 1180 1370 celare
1199 1322 1398 1370 solebam

296 1402 308 1412 ·
386 1386 620 1448 Pervigil·
609 1402 655 1434 ιιι
678 1387 838 1434 mediae
859 1387 1007 1434 sidera
1027 1384 1173 1446 noctis
1193 1403 1307 1435 eras.

320 1451 530 1501 Forsitan
550 1459 598 1498 et
616 1459 768 1499 tecum
789 1459 868 1499 tua
888 1467 1012 1499 nunc
1032 1453 1270 1514 requiescit
1290 1452 1449 1501 mica.

386 1515 498 1563 Heu
513 1517 673 1563 melior
692 1514 861 1578 quanto
880 1532 981 1564 sors
1002 1523 1080 1564 tua
1099 1525 1224 1564 sorte
1242 1517 1372 1566 mea!

322 1580 588 1631 Dummodo
610 1583 687 1636 sic,
709 1583 757 1628 in
779 1597 854 1629 me
870 1582 1001 1630 durae
1016 1584 1204 1630 transite
1218 1590 1405 1630 catenae.

386 1645 615 1708 Tempora
634 1648 781 1694 noctis
802 1654 934 1694 eunt.
976 1654 1138 1695 excute
1158 1644 1288 1710 poste
1309 1662 1469 1695 seram.

323 1711 569 1760 Fallimur?
602 1728 660 1759 an
681 1727 815 1760 verso
836 1720 1086 1761 sonuerunt
1106 1713 1287 1760 cardine
1305 1711 1495 1775 postes?

389 1776 636 1839 Raucaque
657 1792 889 1825 concussae
909 1779 1044 1840 signa
1063 1775 1227 1825 dedere
1245 1776 1400 1824 fores?
1553 1814 1560 1820 .
1585 1780 1662 1826 50

324 1841 569 1897 Eallimur.
608 1842 800 1904 impulsa
820 1850 890 1889 est
910 1844 1116 1889 animoso
1128 1844 1270 1906 janua
1283 1849 1439 1889 vento.

389 1905 489 1954 Hei
507 1908 631 1962 mihi,
654 1923 787 1968 quam
807 1904 950 1970 longe
964 1922 1091 1969 spem
1112 1908 1217 1954 tulit
1237 1922 1347 1954 aura
1367 1906 1545 1955 meam!

325 1964 375 2020 Si
398 1971 508 2018 satis
529 1988 579 2019 es
600 1978 755 2034 raptae,
778 1971 944 2026 Borea,
967 1986 1142 2019 memor
1164 1971 1404 2032 Orithyiae,

390 2035 504 2083 Huc
525 2037 645 2091 ades,
667 2044 714 2083 et
733 2038 893 2084 surdas
914 2035 1099 2085 flamine
1112 2037 1253 2086 tunde
1271 2036 1408 2084 fores.

327 2100 613 2160 Urbesilent
632 2098 750 2151 tota:
789 2102 1025 2164 vitreoque
1044 2103 1271 2149 madentia
1290 2117 1394 2148 rore

386 2165 619 2227 Tempora
638 2166 784 2214 noctis
805 2173 940 2214 eunt·
980 2174 1144 2215 excute
1163 2174 1296 2229 poste
1316 2181 1479 2214 seram.

326 2230 426 2280 Aut
446 2246 545 2293 ego
548 2231 646 2294 jam
660 2230 903 2291 ferroque
890 2232 1077 2294 ignique
1096 2233 1291 2294 paratior
1309 2233 1421 2294 ipseq

394 2295 545 2351 Quem
566 2294 667 2343 face
688 2297 902 2351 sustineo,
924 2299 1251 2359 tectasuperba
1269 2304 1464 2359 petam.-

326 2359 454 2415 Nox‚
476 2367 524 2408 et
546 2360 706 2415 Amor,
728 2362 988 2422 vinumque,
1010 2361 1123 2408 nihil
1142 2361 1413 2409 moderabile
1427 2360 1664 2409 medonta.
1659 2368 1670 2375 ’

394 2422 483 2470 Ina
500 2425 672 2486 pudore
692 2433 850 2473 vacat.
889 2425 1030 2472 Liber
1051 2427 1302 2487 Amorque.
1306 2433 1447 2474 metu.
1591 2427 1665 2473 60

331 2487 500 2539 Omnia
521 2491 770 2536 consumsi·
811 2505 895 2538 nec
915 2496 965 2536 te
983 2491 1248 2552 precibusve
1259 2492 1463 2539 minisve

394 2551 695 2607 Movimus,
668 2571 697 2600 o
715 2552 887 2603 foribus
906 2555 1114 2602 surdior’
1101 2570 1197 2617 ipse
1216 2555 1323 2602 tuis.

326 2614 445 2664 ‘Non
467 2622 514 2663 te
533 2615 747 2665 formosae
769 2619 919 2666 decuit
940 2632 1118 2667 servare
1137 2619 1303 2681 puellae

397 2677 602 2729 Limina·
640 2681 833 2734 sollicito
853 2692 1040 2737 carcere
1055 2685 1222 2748 diguus
1239 2696 1357 2732 eras.
