1867 2942
297 159 329 205 8
638 151 696 202 1⁵.
731 152 969 202 ovrml
1002 152 1305 202 NASONIS

297 283 428 333 Hinc
448 284 558 331 mihi
579 283 835 346 suppositas
855 284 1100 331 immittere
1120 286 1284 348 corpus
1303 285 1352 333 in
1373 287 1536 335 undas·
1619 290 1641 327 ἰ

365 348 508 399 Mens
527 344 640 406 suin
666 355 726 404 et,
749 350 964 411 quoniam
984 350 1143 397 fallere
1160 353 1329 414 pergis,
1352 353 1453 399 erit.

298 416 378 464 Ad
399 422 478 462 tua
498 430 572 461 me
592 413 757 461 fluctus
778 416 1023 477 projectam
1044 416 1178 464 litora
1197 424 1393 479 portent,

363 480 703 540 Occurramque
722 481 864 527 oculis
884 481 1157 529 intumulata
1175 483 1282 529 tuis.

300 546 490 594 Duritie
501 544 674 591 ferrum
698 553 750 592 ut
765 561 965 608 superes,
988 548 1327 609 adamantaque,
1350 554 1515 609 teque3
1586 572 1595 591 .

366 610 477 658 Non
498 612 578 657 tibi
600 611 678 666 sic,
701 611 836 666 dices,
862 610 1029 674 Phylli,
1053 614 1309 674 sequendus
1329 629 1469 660 eram.

301 675 436 739 saepe
454 691 734 727 venenorum
757 677 855 724 sitis
875 685 948 724 est
967 678 1104 724 mihi:
1144 693 1267 741 saepe
1287 677 1476 727 eruent&⁴

365 741 621 805 Traiectam
643 742 794 805 gladio
811 751 959 790 morte
979 744 1126 805 perire
1140 746 1287 807 juvat.
1552 743 1655 792 140

301 798 438 858 Colla
457 823 651 869 quoque,
673 807 822 854 infidis
842 809 949 869 quia
969 823 1019 856 se
1039 810 1265 857 nectenda
1281 810 1463 858 lacertis

368 872 680 930 Praebuerunt,
712 874 882 936 laqueis
902 874 1178 939 implicuisse
1196 876 1318 922 libet.

303 940 406 988 stat
426 954 539 986 nece
557 937 735 986 matura
753 947 959 988 tenerum
974 956 1166 1003 pensare
1182 940 1424 1005 pudorem:

368 1002 427 1052 In
448 1005 573 1052 necis
594 1005 787 1052 electum
807 1020 952 1068 parva
962 1005 1115 1055 futura
1134 1021 1264 1054 mora
1283 1014 1368 1055 est.

301 1067 556 1118 Inscribere
570 1085 673 1116 meo
694 1085 854 1118 caussa
872 1071 1097 1119 invidiosa
1116 1068 1321 1135 sepulcro
1333 1090 1348 1120 t

368 1135 469 1182 Aut
483 1137 583 1189 hoc,
607 1141 685 1183 aut
704 1135 840 1182 simili
863 1137 1064 1183 carmine
1083 1145 1221 1185 notus
1241 1138 1347 1185 eris·
1387 1154 1394 1159 ·
1459 1196 1465 1200 ·

303 1199 516 1262 Phyllida
536 1198 844 1263 Demophoon
863 1201 958 1247 leto
980 1201 1115 1257 dedit,
1138 1203 1304 1264 hospes
1322 1208 1579 1252 amantem:
1625 1208 1632 1234 ²

368 1264 456 1313 Ille
477 1266 578 1313 neci
599 1280 804 1314 caussam
825 1266 1031 1329 praebuit,
1053 1264 1133 1313 illa
1150 1282 1352 1316 manum.

739 1394 1085 1445 EPISTOLA
1117 1395 1217 1446 111.

759 1541 946 1574 Bmsms
976 1541 1197 1576 acmu-

306 1656 470 1714 Qmu
491 1656 622 1719 legis,
643 1653 674 1703 a
693 1654 822 1720 rapti
842 1653 1054 1706 Briseide
1072 1657 1205 1707 litera
1216 1657 1358 1716 venit,

371 1721 469 1769 Vix
486 1723 601 1770 bene
621 1720 850 1771 berbach
872 1723 1044 1771 Graeca
1061 1731 1220 1773 notata
1238 1740 1391 1773 manu.

305 1787 629 1849 Quascumque
648 1789 1104 1852 adspiciea‘lacrimae
1122 1791 1286 1848 fecere,
1307 1791 1498 1850 lituras3

373 1853 465 1902 Sed
485 1861 638 1902 tamen
652 1862 700 1901 et
718 1855 919 1902 lacrimae
938 1856 1141 1919 pondera
1160 1859 1288 1905 vocis
1307 1858 1487 1905 habent.

307 1919 359 1969 Si
379 1920 491 1967 mihi
511 1934 655 1983 pauca
674 1921 802 1981 queri
823 1921 881 1969 de
900 1927 963 1978 te,
985 1922 1260 1984 dominoque
1280 1923 1484 1984 viroque,

372 1983 464 2034 Fas
485 1992 579 2044 est;
602 1986 660 2032 de
680 1987 865 2034 domino
884 2001 1031 2050 pauca
1049 1988 1241 2050 viroque
1259 2000 1435 2050 querar.

304 2049 434 2106 Non,
455 2066 547 2114 ego
567 2054 772 2115 poscenti
793 2049 915 2113 quod
938 2066 1040 2100 sum
1064 2051 1155 2100 cito
1176 2054 1340 2100 tradita
1360 2052 1499 2115 Regi,

373 2115 521 2179 Culpa
542 2124 621 2163 tua
640 2123 737 2164 estr
776 2121 985 2178 quamvis
1006 2119 1094 2164 hoc
1114 2132 1295 2180 quoque
1314 2118 1447 2180 culpa
1467 2125 1548 2165 tua
1566 2125 1652 2168 eat.

303 2179 357 2228 N
358 2196 431 2228 am
453 2182 588 2228 simul
609 2181 869 2242 Eurybates
887 2196 966 2229 me
984 2181 1347 2244 Talthybiusque
1365 2181 1621 2241 vocarunt3

370 2245 595 2308 Eurybati
617 2246 722 2295 data
741 2262 842 2294 sum
868 2245 1206 2310 Talthybioque
1224 2262 1393 2296 comes.
1592 2253 1653 2297 10

303 2310 438 2358 Alter
458 2312 506 2358 in
528 2311 713 2359 alterius
723 2312 953 2375 jactantes
971 2312 1145 2361 lumina
1165 2314 1359 2371 vultum,
1575 2345 1585 2353 ·

373 2376 652 2430 Quaerebant
671 2378 809 2433 taciti,
832 2384 990 2425 noster
1008 2380 1084 2426 ubi
1105 2386 1225 2447 esset
1245 2394 1387 2430 amor.

304 2440 496 2490 Differri
516 2443 672 2504 potuit
704 2456 861 2506 :poenae
882 2458 1011 2491 mora
1031 2455 1164 2509 grata
1181 2445 1359 2494 fixisset.

369 2504 469 2554 Hei
489 2506 620 2555 mihi!
656 2508 890 2556 discedens
912 2511 1068 2558 oscula
1082 2511 1207 2559 nulla
1226 2511 1366 2559 dedi.-

305 2571 375 2620 At
394 2571 604 2619 lacrimas
626 2573 725 2620 sine
744 2573 838 2622 fine
858 2575 976 2632 dedi,
1003 2578 1194 2639 rupique
1215 2576 1418 2639 capillos·

196 2652 200 2661 ·
288 2677 295 2683 .
370 2634 544 2684 Infelix
563 2638 729 2685 iterum
752 2655 855 2687 sum
875 2641 988 2687 mihi
1010 2643 1112 2690 visa
1130 2641 1248 2704 capi.

304 2700 440 2764 Saepe
461 2716 550 2765 ego
572 2703 762 2768 decepto
783 2706 910 2753 volui
933 2708 1123 2754 custode
1142 2706 1342 2763 γενεαῖς

365 2767 474 2826 Sed,
498 2784 574 2819 me
594 2770 898 2834 quifimidam
919 2772 1175 2838 prenderet,
1196 2771 1343 2824 hostis
1362 2774 1475 2822 erat.
