1867 2942
282 112 377 159 154
592 106 680 188 ‘P-
713 104 945 155 ovum
977 104 1281 180 mamus

277 237 413 288 Tunc
433 253 522 300 ego
543 244 590 285 te
611 237 807 284 dominre
827 238 1004 299 ‹mpiam
1025 237 1234 299 tetigisse
1251 238 1456 302 papilla,

344 303 412 351 Et
432 304 596 350 laevam
618 302 785 349 tunicis
803 302 1049 349 inseruisse
1070 316 1268 354 manum.

279 367 450 420 Elabar
471 368 627 430 digito,
650 368 856 429 quamvis
876 375 1098 429 angustus
1119 373 1167 413 et
1186 369 1389 426 haereus5

346 431 491 494 Inque
515 434 659 478 sinum
682 430 798 478 mira
816 431 948 479 laxus
970 433 1025 479 ab
1045 438 1143 478 arte
1163 433 1335 479 cadam.

280 495 411 544 Idem
434 513 535 561 ego,
559 505 608 544 ut
630 511 812 544 arcanas
832 497 1000 558 possim
1024 498 1203 559 signare
1221 497 1420 554 tabellas,

346 561 481 609 Neve
501 569 638 608 tenax
659 575 808 608 ceram
831 562 1007 608 siccave
1027 576 1209 623 gemma
1228 563 1391 618 trahat,

283 625 490 673 Humida
509 627 720 673 formosae
741 634 926 688 tangam
949 624 1070 688 prius
1093 641 1173 673 ora
1190 626 1370 687 puellae.

348 688 548 738 Tantum
573 708 630 738 ne
651 693 827 753 signem
849 692 1015 753 scripta
1035 691 1226 756 dolenda
1244 691 1371 738 mihi.

187 745 198 752 ’
282 751 334 804 Si
357 756 506 811 dabor,
529 764 581 803 ut
601 757 767 803 condar
786 756 947 802 loculis
959 773 975 814 3
1010 757 1133 802 exire
1154 757 1343 818 negabo,

347 820 651 883 Adstringens
674 821 841 882 digitos
863 822 971 867 orbe
992 820 1166 867 minore
1188 828 1307 867 tuos.
1539 825 1612 869 20

284 884 397 933 Non
419 902 508 949 ego
531 887 733 933 dedecori
756 886 835 932 tibi
858 887 958 941 sim,
981 900 1082 933 mea
1100 886 1209 940 vita,
1229 885 1423 941 futurus,

353 950 549 1007 Quodve
565 959 692 998 tener
713 951 881 1012 digitus
899 950 1021 997 ferre
1039 957 1226 1005 recuset,
1250 965 1387 996 onus.

283 1014 373 1063 Me
395 1031 516 1078 gere,
542 1014 643 1063 cum
666 1015 819 1063 calidis
839 1015 1117 1077 persuadetis
1139 1015 1352 1063 imbribus
1371 1023 1521 1070 attunt

348 1078 619 1142 Damnaque
635 1081 717 1127 sub
737 1080 919 1142 gemma
939 1079 1088 1143 perfer
1107 1080 1256 1127 euntis
1277 1094 1426 1141 aquae·

285 1143 377 1192 Sed
396 1153 508 1207 puto
527 1152 574 1193 te
594 1144 714 1191 nuda
734 1160 835 1192 mea
853 1145 1055 1193 membra
1071 1145 1253 1192 libidine
1273 1151 1477 1207 surgent,

348 1209 417 1256 Et
434 1226 646 1273 peragam
667 1219 817 1272 partes
839 1212 1034 1258 annulus
1055 1210 1131 1257 ille
1149 1210 1251 1256 viri.

283 1271 420 1324 irrita
439 1276 545 1336 quid
564 1290 710 1322 voveo
722 1275 745 1319 ἱ)
781 1273 981 1323 Parvum
1001 1274 1284 1337 proficiscere
1303 1287 1484 1323 munus.

347 1336 436 1387 1112
456 1340 603 1388 datam
624 1348 774 1388 tecum
797 1340 964 1388 sentiat
984 1355 1085 1388 esse
1103 1338 1255 1387 fidem.

722 1524 989 1583 ELEGI'A
1023 1532 1167 1581 XVI.

286 1661 423 1709 Pans
443 1676 518 1709 me
540 1659 698 1720 Sulmo
719 1670 845 1710 tenet
868 1664 1047 1727 Peligni
1072 1663 1205 1711 tertia
1224 1663 1370 1722 rurisg
1420 1722 1425 1726 .

353 1725 617 1784 Parvassed
637 1729 817 1792 irriguis
839 1745 918 1777 ora
939 1729 1126 1776 salubris
1147 1730 1290 1790 aquis.

287 1790 372 1840 Sol
390 1789 498 1839 licet
519 1794 699 1841 admoto
724 1794 928 1841 tellurem
953 1794 1096 1841 sidere
1115 1793 1270 1848 findat,

355 1856 421 1904 Et
441 1858 576 1904 micet
598 1856 729 1905 Icarii
753 1858 882 1906 stella
900 1865 1110 1921 proterva
1130 1858 1283 1916 canis;

288 1922 420 1969 Arva
438 1930 723 1984 pererrantur
745 1922 938 1985 Peligna
955 1923 1228 1984 liquentibus
1247 1922 1380 1971 undis
1396 1940 1410 1970 z

353 1986 421 2034 Et
441 1988 557 2033 viret
578 1989 625 2034 in
647 1995 802 2035 tenero
823 1987 983 2035 fertilis
1003 1988 1139 2053 {rerba
1160 1987 1271 2034 solo.

287 2048 432 2098 Terra
450 2051 577 2100 ferax
600 2050 792 2108 Cereris,
815 2047 1048 2113 mulsoque
1066 2050 1257 2099 feracior
1275 2064 1409 2099 uva:

354 2114 456 2164 Dat
478 2132 656 2178 quoque
675 2116 941 2164 bacciferam
966 2115 1150 2164 Pallada
1169 2131 1296 2164 rarus
1316 2130 1451 2179 ageri

291 2178 472 2244 Perque
494 2188 777 2245 resurgentes
798 2183 907 2230 rivis
925 2182 1176 2230 labentibus
1195 2181 1355 2229 herbas

356 2246 628 2294 Gramineus
649 2248 870 2295 madidam
892 2262 1049 2309 cespes
1061 2248 1296 2295 obumbrat
1310 2247 1514 2294 bimum.
1551 2249 1614 2295 10

290 2312 359 2358 At
378 2326 506 2358 meus
526 2313 647 2373 ignis
668 2314 808 2360 abest.
840 2311 993 2360 Verbo
1013 2313 1297 2374 peccavimus
1319 2327 1435 2359 uno:

356 2373 477 2429 Quae
498 2385 652 2423 movet
672 2379 862 2432 ardores,
887 2385 955 2424 est
976 2378 1156 2439 procul;
1188 2376 1309 2439 ignis
1329 2376 1476 2423 adest.

290 2437 402 2485 Non
425 2455 526 2500 ego,
553 2442 589 2486 si
610 2443 783 2488 medius
807 2440 995 2489 Polluce
1016 2449 1063 2489 et
1087 2440 1280 2489 Castore
1300 2454 1460 2504 ponar,

356 2500 416 2548 In
438 2504 541 2549 ooeli
564 2506 659 2551 sine
680 2514 727 2552 te
745 2514 874 2567 parte
891 2506 1203 2568 fuissevelim.

292 2565 482 2614 Solliciti
495 2568 692 2628 jaceant,
712 2570 921 2631 teerue
941 2578 1199 2633 premantur
1219 2565 1387 2632 iniqui,

358 2627 416 2678 In
438 2630 598 2693 longas
620 2633 774 2680 orbem
796 2635 874 2695 qui
895 2649 1079 2684 secuere
1097 2635 1215 2682 vias.
