1867 2942
470 85 554 177 ss.
583 122 827 176 sAmm
858 122 1310 176 Ens'roLA-n.
1457 132 1556 182 :305

208 257 375 321 thue
394 257 541 306 redire
560 258 687 314 velis,
712 274 808 307 non
827 264 881 306 ut
902 258 1145 306 comitetur
1163 264 1361 316 euntem,

275 324 352 372 Te
372 331 531 388 rogat:
560 331 608 372 et
627 323 811 387 praefert
829 326 1169 388 barbararegna
1188 324 1294 372 tuis.

208 389 301 439 Me
323 396 478 438 tamen
498 391 599 437 haec
619 391 739 437 inter
760 390 946 437 tacitum
969 391 1176 438 convicia
1196 405 1319 454 saepe

278 455 502 504 Adversis
516 456 702 504 memini
723 462 834 503 vota
854 457 1013 503 tulisse
1035 455 1189 503 Notis.

208 518 353 583 Saepe
370 521 543 569 abitura
562 528 645 568 tuo
664 527 909 586 ponentem
929 522 1112 569 brachia
1132 521 1265 575 collo,

281 587 506 635 Gavisum
528 588 575 633 in
597 587 763 635 fluctus
787 603 971 648 aequora
991 593 1117 634 mota
1131 592 1296 634 truces.

208 651 323 699 Nec
342 659 540 700 metuam
561 653 650 700 hoc
670 654 769 715 ipso
791 668 944 700 coram
968 653 1177 715 genitore
1196 652 1355 700 fateri:

278 716 486 766 Libertas
506 719 680 765 meritis
701 725 771 766 est
790 719 900 764 mihi
921 718 1042 765 facta
1062 719 1175 775 tuis3
1490 718 1555 766 40

206 781 399 839 Dicere,
422 799 516 832 non
539 784 651 830 duro
673 784 880 831 dilectam
905 782 1118 844 Phyllida
1137 784 1246 844 liqui
1536 790 1549 809 ’-

279 848 495 896 Pectore.
525 864 609 895 nec
629 864 832 910 praeceps
855 849 958 896 vela
977 848 1164 895 ferenda
1179 849 1294 896 dedi.

207 911 282 962 Et
302 913 435 971 flevi3
457 921 505 961 et
528 913 710 960 flentem
733 915 921 961 solando
945 930 1077 977 saepe,
1100 914 1310 967 remansi,

281 977 402 1028 Cum
426 984 566 1025 staret
586 980 778 1027 curssss
758 995 856 1043 Jam
878 980 990 1026 mihi
1011 986 1134 1026 certa
1155 980 1265 1026 dies.

208 1043 435 1106 Denique
452 1043 669 1091 Threicia
687 1046 794 1093 veni
816 1051 925 1091 rate.
970 1044 1081 1091 Non
1105 1045 1212 1091 dare
1235 1042 1412 1105 Phyllis

281 1109 434 1165 Quam
453 1111 615 1173 potuit,
629 1111 768 1172 jussit
783 1107 999 1156 tardius
986 1126 1053 1156 1re
1074 1118 1230 1156 ratem.

205 1173 413 1238 Ignosce
434 1184 481 1222 et
498 1174 649 1232 fasso;
686 1191 861 1222 memor
882 1191 932 1222 es
954 1175 1225 1221 Minoidos
1212 1190 1331 1237 lpse·
1321 1209 1331 1220 .

278 1240 512 1302 Antiquus
533 1242 726 1288 necdum
746 1247 931 1302 pectore
954 1241 1091 1287 cessit
1105 1254 1246 1286 amor.

210 1303 282 1355 Et
304 1307 482 1367 quoties
504 1306 648 1353 oculis
669 1305 919 1353 circumdat
941 1304 1097 1360 sidera,
1121 1305 1249 1359 dixit,
1416 1356 1423 1361 ,

282 1370 404 1426 Quae
424 1371 571 1434 fulget
594 1372 725 1426 coelo,
749 1377 905 1418 nostra
924 1371 1089 1448 puella·
1093 1369 1195 1416 suit.
1486 1371 1552 1416 50

209 1434 353 1483 Illum
374 1433 538 1484 dilecta
558 1435 768 1484 Bacchus
791 1436 872 1483 sibi
896 1437 1058 1483 cedere
1068 1435 1208 1499 jussit

282 1497 515 1566 ConJuge·
542 1503 735 1550 desertae
757 1503 926 1549 crimen
952 1509 998 1549 st
1018 1502 1094 1548 ille
1117 1501 1249 1547 subit.

209 1565 532 1630 Exemploque
550 1569 692 1629 patris
712 1569 918 1629 perjurus
934 1569 1060 1614 dicor
1080 1573 1127 1614 et
1146 1567 1271 1629 ipse.
1335 1572 1341 1585 ⁵
1384 1566 1388 1573 '

280 1631 384 1679 Nec
406 1633 572 1694 quaeris
593 1647 790 1686 caussas,
809 1631 987 1678 Sithoni
1011 1633 1133 1687 dura,
1156 1643 1330 1678 morae.

210 1695 319 1746 'Nec
343 1698 452 1745 satis
473 1696 623 1759 ampla
642 1704 773 1758 putas
795 1697 981 1744 redituri
999 1698 1204 1759 pignora,
1226 1695 1265 1744 si
1285 1707 1362 1741 me

278 1761 392 1810 Non
414 1777 543 1810 amor
562 1762 759 1818 alterius,
782 1776 876 1809 non
898 1777 1027 1809 amor
1047 1762 1164 1809 ullus
1185 1762 1336 1809 habet.

208 1825 417 1886 Nullane
436 1828 559 1876 fama
577 1828 656 1874 tibi
680 1828 896 1883 turbatos,
920 1826 1087 1888 Phylli,
1108 1831 1298 1890 penates

273 1893 494 1950 Theseos,
510 1902 558 1941 et
576 1894 758 1941 miserae
778 1894 932 1940 retulit
955 1899 1056 1941 acta
1077 1892 1239 1940 domus
1251 1891 1277 1938 ’ἒ

207 1958 327 2010 ‘Non
346 1959 533 2020 laqueos
554 1959 681 2006 audis
702 1974 821 2006 carae
842 1973 918 2004 me
939 1958 1050 2005 flere
1069 1956 1301 2020 parentis?
1536 1976 1542 1981 ·

277 2023 494 2072 Flebilior
511 2024 684 2086 laqueis
708 2025 804 2088 (hei
826 2021 985 2084 mihin
1011 2038 1171 2070 caussa
1182 2022 1349 2070 subest.
1489 2026 1556 2070 60

211 2086 325 2141 Non
346 2089 530 2138 fratrem
554 2088 894 2167 Hippolytum?
931 2089 1094 2135 cecidit
1113 2080 1387 2136 miserabilis
1400 2087 1490 2144 ille,

279 2154 495 2218 Praeceps
517 2155 721 2203 attonitis
741 2170 823 2218 per
841 2154 960 2203 freta
979 2161 1134 2216 raptus
1154 2154 1296 2215 equis.

212 2220 328 2272 'Nou
349 2228 501 2269 tamen
518 2236 688 2269 excuso
712 2220 898 2268 reditus.
932 2219 1068 2267 Licet
1089 2220 1287 2280 undique
1306 2217 1405 2266 fata

278 2286 584 2334 Accumulent
606 2302 817 2345 caussas,
836 2291 1045 2348 tempora
1064 2300 1204 2347 parva
1222 2290 1344 2347 peto.

209 2350 406 2406 nesea,
430 2353 551 2413 quod
572 2359 789 2414 superest,
811 2358 988 2416 patrem
1012 2351 1333 2397 tumulabimus
1350 2346 1483 2398 ante.
1528 2370 1539 2377 -

279 2416 502 2464 Succedat
522 2418 698 2464 tumulo
720 2434 814 2464 non
840 2418 940 2465 sine
962 2419 1133 2463 honore
1156 2416 1335 2463 decens.

216 2481 295 2531 Da
317 2483 511 2546 spatium
532 2483 813 2544 veniamque,
835 2489 972 2546 peto:
1000 2497 1094 2529 non
1114 2479 1310 2543 perfidus
1332 2481 1537 2573 absum:-

278 2548 384 2596 Nec
404 2548 548 2595 mihi
518 2563 627 2625 'Jam
649 2547 771 2595 terra
791 2550 932 2596 tutior
954 2547 1048 2595 una
1068 2545 1149 2594 tud
1168 2553 1253 2594 est.

208 2613 448 2676 Quidquid
467 2615 582 2661 mite
600 2612 687 2660 fuit
700 2621 805 2676 post
820 2615 970 2661 diruta
992 2610 1232 2675 Pergama,
1256 2565 1474 2675 quidquid

274 2679 374 2731 Aut
393 2679 525 2738 bella,
549 2687 628 2728 aut
648 2680 802 2747 pelagi
822 2679 1060 2791 detinuerge
1080 2692 1252 2791 mgrae·
1236 2712 1254 2737 ‚
1496 2679 1562 2724 70

978 2760 983 2767 ·
1057 2758 1091 2791 n
