1867 2942
358 166 457 247 ²⁵⁶
679 150 768 217 Ῥ.·
788 167 1023 218 ovmn
1057 166 1383 217 NAsoms*

364 294 457 344 Sed
476 296 819 364 quantominus
837 300 1066 357 irevoles,
1088 299 1238 362 magis
1255 300 1324 347 ire
1342 300 1613 347 memento:
1636 300 1643 307 ‘

433 360 619 412 Perfer:
658 372 706 413 et
725 365 895 414 invitos
917 382 1097 414 currere
1118 381 1234 428 coge
1252 365 1406 428 pedes.
1470 364 1473 369 '

368 425 473 475 Nec
493 429 669 491 pluvias
689 432 832 482 vites:
872 447 958 480 nec
979 439 1028 479 te
1046 432 1285 493 peregrina
1306 436 1553 478 morentur

434 493 654 553 Sabbata3
689 508 774 546 nec
796 497 972 544 damnis
993 498 1118 544 Allia
1138 502 1248 543 nota
1268 496 1375 543 suis.
1618 492 1725 539 220

365 555 473 604 Nec
495 568 605 619 quot
626 564 870 617 transieris,
893 563 975 610 sed
993 569 1104 623 quot
1123 561 1217 617 tibi,
1239 575 1407 623 quaere,
1424 558 1669 622 supersint

435 621 607 673 Millia:
645 643 744 683 nec,
765 643 952 675 maneas
972 636 1025 674 ut
1043 623 1198 690 prope,
1219 625 1345 689 finge
1364 640 1539 672 moras.
1688 660 1695 667 .

366 684 600 749 Tempora
618 706 704 739 nec
725 707 943 739 numera:
982 708 1067 738 nec
1089 688 1244 738 crebro
1265 691 1439 752 respice
1458 689 1717 737 Romam*

440 751 532 800 Sed
550 754 676 819 fuge.
709 755 861 805 Tutus
881 757 1028 804 adhuc
1051 755 1249 803 Parthus
1270 756 1325 802 ab
1346 756 1478 802 hoste
1490 754 1618 818 fugi
1631 761 1725 802 est.

370 815 508 869 Dura
526 820 687 882 aliquis
706 829 935 885 praecepta
953 830 1089 868 vocet
1109 836 1212 868 mea
1228 838 1243 872 ς
1277 821 1388 867 dura
1405 819 1615 868 fatemur

439 881 582 932 Esse:
622 888 715 943 sed,
738 895 790 934 ut
808 888 975 942 valeas,
995 887 1141 934 muita
1160 885 1353 933 dokenda
1369 884 1504 933 feres.

376 946 512 1010 Saepe
532 950 621 998 bibi
643 967 815 1008 succos,
837 954 1045 1015 quamvis
1065 952 1249 1006 invitus,
1273 966 1451 998 arnaros

443 1013 624 1077 AEger3
658 1025 707 1064 et
727 1020 874 1066 oranti
894 1033 1055 1065 mensa
1075 1023 1244 1079 negata
1263 1015 1386 1062 mihi.

377 1077 451 1128 Ut
470 1096 635 1144 corpus
655 1084 861 1138 redimas,
879 1083 1052 1130 ferrum
1071 1082 1255 1144 patieris
1274 1087 1323 1128 et
1340 1081 1506 1144 ignes3

443 1145 588 1195 Arida
609 1164 692 1196 uec
713 1150 870 1198 sitiens
891 1164 972 1195 ora
990 1148 1160 1195 levabis
1181 1144 1330 1209 aqua3
1629 1150 1727 1194 250

382 1208 455 1258 Ut
474 1212 626 1261 valeas
647 1215 810 1271 animo,
834 1214 1078 1277 quidquam
1095 1213 1288 1259 toierare
1308 1210 1533 1274 negatis?

447 1277 515 1324 At
534 1281 727 1342 pretium
749 1295 854 1342 pars
874 1281 976 1326 haec
997 1292 1188 1341 corpore
1205 1278 1353 1340 majus
1372 1277 1521 1323 habet.

380 1346 473 1396 sed
493 1352 646 1393 tamen
668 1354 739 1393 est
758 1346 869 1393 artis
889 1343 1173 1392 strictissima
1182 1344 1327 1406 J‘anua
1347 1346 1534 1398 nostre,

444 1410 512 1460 Et
531 1411 656 1468 labor
677 1419 747 1458 est
767 1426 886 1458 unus
905 1418 1112 1472 tempora
1129 1409 1276 1472 prima
1295 1408 1400 1472 pati.

381 1476 609 1540 Adspicis,
632 1485 684 1523 ut
703 1492 893 1540 prensos
914 1483 1050 1523 urant
1059 1477 1179 1538 juga
1196 1475 1343 1536 prima
1354 1472 1622 1537 juvencos?

447 1541 520 1591 Ut
534 1557 654 1590 nova
667 1543 872 1590 velocem
893 1541 1080 1603 cingula
1097 1540 1235 1588 laedat
1254 1553 1420 1601 equum
1432 1537 1458 1584 ἰ’

382 1607 595 1658 Forsitan
616 1605 645 1655 a
667 1607 862 1656 Laribus
880 1607 1037 1670 patriis
1057 1607 1183 1653 exire
1200 1605 1387 1669 pigebit.

373 1681 378 1687 '
403 1682 410 1689 '
450 1673 543 1723 Sed
562 1682 713 1722 tamen
736 1674 908 1722 exibis:
949 1672 1110 1720 deinde
1129 1671 1277 1719 redire
1288 1671 1441 1718 volet.

381 1739 489 1789 Nec
509 1748 558 1788 te
579 1739 676 1787 Lar
693 1741 878 1804 patrius,
902 1739 983 1785 sed
1004 1752 1137 1784 amor.
1152 1737 1381 1784 revocabit
1400 1735 1583 1792 amicae,

450 1804 745 1854 Praetendens
766 1806 912 1868 culpae
933 1803 1168 1865 splendida
1187 1803 1326 1850 verba
1345 1814 1458 1849 ωε.
1634 1804 1731 1848 240

385 1869 508 1921 Cum
531 1872 673 1920 semel
691 1871 869 1925 exieris,
884 1869 1071 1916 centum'
1093 1867 1255 1915 solatia
1274 1882 1397 1915 curae

451 1938 519 1987 Et
540 1955 630 1993 rus,
653 1945 701 1986 et
721 1935 925 1989 comites,
947 1940 997 1980 et
1015 1934 1093 1980 via
1110 1933 1254 1996 longa
1273 1933 1460 1979 dabunt.

383 2004 489 2055 Neo
511 2005 621 2052 satis
641 2018 743 2051 esse
761 2008 874 2064 puta
891 1998 1147 2047 discedere:
1184 1998 1336 2045 lentus
1358 1997 1544 2053 abeam

447 2069 580 2119 Dum
601 2070 760 2132 perdat
780 2067 913 2120 vires,
937 2065 1085 2125 sitque
1106 2064 1205 2111 sine
1222 2064 1347 2124 igne,
1370 2063 1502 2109 cinis.

386 2135 436 2185 si
460 2136 547 2182 nisi
566 2131 745 2181 {innata
763 2131 1020 2195 properabis
1040 2132 1197 2175 mente
1218 2128 1398 2182 reverti,

451 2198 627 2247 Inferet
646 2213 771 2245 arma
791 2198 871 2244 tibi
894 2209 1019 2242 saeva
1037 2194 1215 2240 rebellis
1237 2193 1400 2239 Amor.

386 2262 548 2319 Quid?
581 2260 713 2325 quod,
735 2267 789 2308 ut
810 2260 1016 2314 abfueris,
1038 2259 1197 2306 avidus
1220 2258 1468 2318 sitiensque
1489 2255 1689 2313 rediin'u

449 2324 517 2375 Et
538 2329 730 2391 spatium
752 2328 916 2373 damno
938 2323 1125 2371 cesserit
1145 2337 1282 2369 omne
1302 2321 1420 2369 tuo?

384 2391 575 2448 Viderit,
600 2391 865 2438 Haemoniae
886 2390 923 2437 si
947 2390 1048 2449 quis
1066 2387 1188 2433 mala
1205 2386 1369 2449 pabula
1388 2392 1541 2441 terrae,

450 2455 518 2503 Et
537 2458 738 2517 magicas
760 2462 878 2503 artes
897 2469 1033 2517 posse
1044 2453 1208 2515 juvare
1229 2458 1372 2513 putat.
1633 2444 1734 2499 250

386 2517 486 2566 Ista
504 2520 709 2567 veneficii
729 2527 863 2566 vetus
884 2526 957 2565 est
976 2519 1064 2564 via.
1095 2515 1272 2563 Noster
1294 2513 1466 2577 Apollo

449 2581 700 2629 Innocuam
722 2599 852 2630 sacro
871 2583 1071 2629 carmine
1090 2585 1316 2628 monstrat
1336 2592 1485 2641 opem.

384 2645 473 2694 Me
487 2646 601 2694 duce
621 2658 715 2693 non
737 2647 913 2694 tumulo
933 2647 1112 2708 prodire
1120 2645 1352 2708 jubebitur
1371 2643 1558 2690 umbrat

437 2706 560 2770 „Nou
577 2724 690 2760 anus
709 2711 867 2760 infami
887 2711 1087 2759 csrmine
1107 2715 1289 2772 rumpet
1308 2708 1516 2756 humum.
