1867 2942
559 141 929 197 HEROIDES.
983 143 1146 195 Errsr.
1170 143 1265 195 xl.
1490 150 1568 197 As

232 273 345 325 Jam
365 274 520 323 novies
540 282 638 323 erat
658 283 757 323 orta
775 290 903 323 soror
921 275 1220 338 pulcherrima
1241 274 1418 334 Phoebi,

282 339 523 402 ‚Demque
544 340 752 388 luciferos
773 340 908 388 Luna
927 342 1137 388 movebat
1155 357 1309 404 equos.

233 404 407 452 Nescia
425 418 527 466 quae
545 405 714 453 faceret
731 407 901 453 subitos
921 407 1031 452 mihi
1051 421 1209 454 caussa
1227 407 1416 463 dolores,

300 469 368 518 Et
389 471 510 517 rudis
531 471 589 517 ad
607 478 774 533 partus,
797 478 843 517 et
864 486 985 518 nova
1004 471 1133 518 miles
1154 486 1289 519 eram.

233 532 341 582 Nec
361 537 485 585 tenui
504 538 677 582 vocem.
744 535 882 592 Quid,
904 537 980 590 ait,
1004 543 1081 583 tua
1101 536 1285 584 crimina
1303 535 1489 601 prodis?
1556 558 1561 567 ·

302 597 486 660 Oraque
507 600 739 655 clamantis
761 600 941 648 conscia
961 601 1124 662 pressit
1144 616 1273 649 anus.
1495 603 1570 650 50

234 664 363 719 Quid
382 665 544 729 faciam
564 664 748 712 infelix?
780 666 979 727 gemitus
999 666 1125 713 dolor
1146 667 1278 714 edere
1297 666 1454 730 cogit3

303 729 396 776 Sed
417 731 561 786 timor,
584 738 631 777 et
650 731 818 785 nutrix,
841 737 889 777 et
907 731 1052 794 pudor
1072 732 1180 793 ipse,
1204 738 1373 780 vetant.

232 793 463 843 Contineo
483 796 692 857 gemitus,
715 795 951 858 elapsaque
970 797 1105 843 verba
1125 797 1367 858 reprendo:

299 857 368 906 Et
388 875 528 923 cogor
547 860 754 908 lacrimas
774 861 1025 907 combibere
1045 862 1142 922 ipsa
1161 875 1300 908 meas.

230 923 371 972 Mors
392 932 487 972 erat
507 932 613 972 ante
633 925 817 982 oculos;
851 930 899 971 et
921 940 1053 986 opem
1076 923 1252 972 Lucina
1272 926 1465 988 negabat
1479 941 1502 974 r

298 987 367 1037 Et
386 1004 539 1051 grave,
565 991 603 1037 si
623 1005 833 1046 morerer,
856 1005 979 1037 mors
1000 1005 1177 1070 quoque
1199 990 1366 1037 crimen
1387 997 1499 1038 erat.

228 1050 358 1119 Cum
378 1055 789 1117 superincumbens,
811 1054 953 1102 scissa
970 1055 1209 1115 tunicaque
1229 1053 1458 1117 comaque,
1539 1056 1544 1060 ’

300 1118 464 1167 Pressa
484 1119 686 1167 refovisti
706 1126 889 1183 pectora
906 1126 1063 1168 nostra
1078 1120 1181 1167 tuis.

229 1183 300 1232 Et
319 1184 443 1240 mihi,
468 1183 588 1233 Vive
609 1194 748 1241 soror,
772 1201 899 1234 soror
918 1183 948 1233 ὂ
969 1185 1210 1240 carissima,
1232 1184 1357 1242 dixti,
1555 1218 1560 1225 .

298 1247 420 1297 Vive
438 1266 450 1295 2
488 1266 572 1297 nec
594 1252 727 1297 unius
747 1266 933 1313 corpore
953 1250 1090 1312 perde
1110 1250 1235 1297 duos.
1497 1254 1565 1299 60

228 1313 348 1378 Spes
368 1314 487 1361 bona
505 1314 582 1361 det
600 1316 752 1365 vires:
788 1314 915 1363 fratri
935 1331 1040 1363 nam
1057 1325 1198 1377 nupta
1215 1314 1367 1362 futura
1385 1329 1449 1364 es.

296 1377 440 1437 Illius,
465 1395 514 1426 es
535 1381 591 1427 de
612 1396 702 1443 quo
724 1387 883 1437 mater,
903 1387 952 1428 et
973 1395 1089 1431 uxot
1108 1381 1211 1429 eris.

226 1443 424 1493 Mortua
446 1445 599 1507 (crede
619 1443 749 1505 mihi)
768 1455 921 1492 tamen
943 1445 999 1492 ad
1020 1452 1100 1493 tua
1118 1445 1255 1492 verba
1273 1444 1448 1497 revixit

296 1508 366 1557 Et
379 1510 575 1571 positum
595 1517 666 1557 est
687 1511 801 1556 uteri
822 1510 994 1556 crimen
1014 1525 1217 1571 onusque
1234 1511 1343 1557 mei.

226 1574 360 1632 Quid
378 1575 458 1621 tibi
477 1575 699 1638 grataris?
732 1572 880 1623 media
900 1575 1027 1621 sedet
1048 1575 1214 1623 AEolus
1232 1573 1336 1623 aula
1351 1592 1369 1622 ι

295 1637 500 1688 Crimina
519 1646 625 1689 sunt
644 1640 785 1687 oculis
805 1639 1087 1702 subripienda
1104 1641 1257 1702 patris.
1343 1666 1352 1674 ι

223 1703 457 1767 Frugibus
476 1704 706 1760 infantem,
729 1706 953 1765 ramisque
972 1704 1160 1751 albentis
1180 1705 1327 1761 olive,

294 1769 360 1816 Et
379 1769 554 1816 levibus
574 1770 699 1816 vittis
719 1769 875 1816 sedula
893 1769 1012 1816 celat
1031 1784 1174 1816 anus:

225 1832 448 1896 Fictaque
470 1849 596 1881 sacra
616 1832 735 1888 facit,
759 1834 955 1894 dicitque
975 1834 1203 1895 precantia
1223 1833 1371 1882 verba·
1555 1854 1561 1865 =

293 1897 397 1946 Dat
413 1899 608 1962 populus
629 1899 781 1954 sacris,
803 1899 881 1945 dat
900 1904 1028 1959 pater
1047 1899 1158 1959 ipse,
1183 1898 1319 1945 viam.
1496 1901 1576 1947 7&

221 1963 334 2015 Jam
355 1979 497 2027 prope
516 1963 654 2012 limen
675 1969 797 2011 erat:
834 1964 1002 2024 patrias
1020 1964 1205 2025 vagitus
1223 1962 1281 2009 ad
1301 1976 1432 2010 aures
1555 1974 1560 1981 ·

218 2052 229 2061 ’
298 2029 456 2085 Venit,
480 2036 525 2076 et
547 2029 712 2076 indicio
731 2029 939 2091 proditur
959 2028 1035 2076 ille
1056 2042 1154 2076 suo.

230 2093 392 2156 Eripit
410 2094 643 2149 infantem,
666 2094 945 2156 mentitaque
965 2108 1093 2141 sacra
1111 2092 1286 2141 revelat

294 2159 481 2207 AEolus:
519 2157 678 2208 insana
697 2160 824 2222 regia
844 2175 959 2208 voce
980 2165 1126 2207 sonat.

208 2224 314 2281 „Ut
334 2240 459 2272 mare
478 2224 532 2272 fit
552 2226 806 2281 tremulum,
828 2226 955 2273 tenui
976 2222 1080 2273 cum
1103 2223 1343 2286 stringitur
1362 2219 1495 2281 aur&
1543 2226 1552 2269 ζ

294 2285 368 2336 Ut
386 2291 584 2350 quatitur
603 2291 753 2353 tepido
774 2290 952 2338 fraxina
971 2291 1103 2353 virga
1123 2289 1254 2336 Noto
1261 2304 1279 2345 3

225 2354 308 2404 sie
326 2369 432 2401 ,mea
450 2354 613 2401 vibrari
633 2356 844 2416 pallentia
863 2357 1065 2404 membra
1083 2355 1274 2401 videres.

296 2418 503 2473 Quassus
523 2420 579 2466 ab
599 2420 809 2481 imposito
830 2437 1017 2484 corpore
1036 2420 1181 2467 lectus
1202 2424 1313 2464 erat.

225 2482 370 2532 Irruit
386 2500 402 2541 3
432 2491 485 2535 et
502 2492 709 2532 nostrum
729 2486 892 2547 vulgat
912 2486 1109 2533 clamore
1129 2483 1370 2545 pudorem}

294 2547 364 2596 Et
381 2548 463 2595 vix
482 2544 510 2594 a
529 2549 695 2596 misero
714 2551 919 2598 eontinet
940 2565 1019 2596 ore
1039 2563 1214 2596 manus.
1493 2549 1563 2594 80

224 2611 339 2677 Ipsa
355 2613 479 2670 nihil,
500 2621 667 2676 preter
684 2613 903 2671 lacrimas,
924 2613 1181 2676 pudibunda
1199 2611 1407 2675 profudit

224 2708 231 2721 .
292 2677 546 2744 Torpuerat
564 2678 716 2744 gelido
735 2679 895 2745 lingua
914 2686 1089 2736 retenta
1107 2685 1246 2729 metu.
