1867 2942
194 2698 221 2735 ἰ

285 175 347 221 18
549 182 556 197 ‘
630 166 686 220 P.
700 204 703 209 -
719 166 955 218 ovmn
987 164 1286 220 NASONIS

291 302 411 359 Quis
431 300 511 349 tibi
531 303 813 348 monstrabat
834 302 977 349 saltus
998 302 1235 349 venatibus
1256 307 1418 363 aptos;

356 366 425 415 Et
446 374 624 430 tegeret
646 368 821 413 catulos
842 365 932 428 qu&
953 364 1050 414 fera
1067 370 1182 429 rupe
1204 371 1312 413 suos
1325 365 1348 411 ἲ

291 433 434 483 Retia
457 447 579 495 saepe
600 448 767 487 comes,
790 433 980 479 maculis
1002 433 1228 487 distincta,
1252 431 1425 478 tetendi
1437 447 1454 489 ς

361 499 495 560 Saepe
515 500 632 545 citos
652 499 727 560 egi
748 512 831 560 per
841 500 962 563 juga
981 498 1123 559 longa
1142 510 1294 545 canes.
1391 506 1396 511 '
1569 500 1646 545 20

293 562 464 612 Incisae
487 570 671 610 servant
692 561 719 610 ὲ
740 570 787 610 te
809 572 913 613 mea
934 564 1122 610 nomina
1138 562 1269 624 fagia

358 628 428 676 Et
446 630 577 691 legor
600 629 801 683 OErmne,
823 628 943 675 falce
963 634 1130 682 notata,
1153 634 1258 674 tua:

293 693 362 743 Et
383 702 601 755 quantum
625 695 787 749 trunci,
805 701 984 740 tantum
1006 708 1109 740 mea
1130 694 1315 740 nomina
1335 699 1549 740 creseunt
1562 711 1576 740 z

363 757 654 814 Crescitefet
674 761 722 806 in
744 759 902 817 titulos
925 759 1101 820 surgite
1122 764 1246 805 recta
1265 772 1408 805 meos.

297 824 503 888 Populus
524 832 595 872 est
620 822 851 890 (memini)
876 823 1049 871 fluviali
1071 825 1248 870 consita
1268 819 1377 885 ripa,

361 890 452 938 Est
473 891 520 937 in
542 890 634 952 qua
653 891 797 937 nostri
817 890 949 936 litera
969 890 1136 951 scripta
1156 904 1345 936 memor.

298 955 490 1019 Popule,
512 957 620 1002 vive
639 972 813 1018 precor,
835 969 942 1014 quae
963 955 1140 1001 consita
1160 954 1369 1016 margine
1388 954 1514 1018 ripae,

365 1020 475 1069 Hoc
497 1023 546 1068 in
567 1036 738 1081 rugoso
760 1021 929 1067 cortice
950 1034 1132 1066 carmen
1154 1020 1318 1066 habesz

278 1085 421 1137 -Cum
448 1085 579 1133 Paris
603 1087 790 1134 OEnone
810 1085 978 1148 poterit
1000 1085 1171 1145 spirare
1192 1082 1364 1141 relicti,

364 1152 443 1200 Ad
462 1151 638 1198 fontem
661 1150 839 1197 Xanthi
866 1164 1003 1197 versa
1024 1156 1226 1197 recurret
1246 1164 1377 1211 aqua.
1565 1156 1641 1203 ’30

299 1216 504 1271 Xanthe,
522 1223 644 1263 retro
664 1230 882 1277 propera;
916 1229 1155 1275 versaeque
1174 1216 1636 1281 recurritelymphae3

367 1282 574 1332 Sustinet
596 1282 815 1329 OEnonen
839 1279 1093 1327 deseruisse
1116 1278 1261 1327 Paris.

299 1345 389 1395 Illa
410 1348 506 1394 dies
527 1346 670 1394 fatum
693 1346 874 1393 miserae
894 1345 1004 1397 mihi
1028 1345 1167 1392 dixit:
1205 1346 1263 1393 ab
1282 1343 1361 1394 illa

367 1411 579 1460 Pessima
599 1411 760 1460 mutati
783 1412 924 1474 coepit
944 1411 1113 1458 amoris
1133 1411 1309 1459 hiems:

302 1476 410 1534 Qua
431 1475 594 1524 Venus
615 1484 664 1523 et
682 1475 716 1525 J
718 1491 823 1531 uno,
848 1477 1100 1538 sumtisque
1120 1477 1353 1526 decentior
1374 1477 1525 1535 armis,

367 1541 513 1590 Venit
532 1544 580 1589 in
603 1541 833 1589 arbitrium
856 1541 979 1589 nuda
1001 1541 1217 1589 Minerva
1236 1548 1381 1592 tuum.

301 1608 504 1657 Attoniti
526 1609 726 1654 micuere
747 1608 886 1661 sinus,
908 1607 1179 1670 gelidusque
1200 1610 1412 1664 cucurrit,

359 1672 442 1721 Ut
461 1672 574 1719 mihi
596 1671 803 1728 narrasti,
826 1673 938 1720 dura
957 1687 1040 1734 per
1060 1688 1165 1720 ossa
1186 1680 1370 1721 tremor.

303 1737 529 1789 Consului
554 1739 726 1802 (neque
746 1738 866 1785 enim
889 1735 1070 1785 modice
1091 1737 1310 1800 terrebar)
1336 1732 1552 1802 anusque,

368 1804 724 1867 Longaevosque
745 1819 876 1851 senes
894 1823 923 1851 :-
946 1805 1153 1851 constitit
1172 1819 1273 1851 esse
1294 1804 1434 1853 nefas.
1574 1810 1642 1857 40

305 1868 445 1920 Caesa
465 1871 600 1925 abies,
625 1876 854 1930 sectaeque
875 1872 1040 1923 trabes,
1064 1876 1125 1925 et,
1150 1869 1296 1917 classe
1315 1869 1510 1932 peracti,

371 1934 558 1985 Caerula
569 1942 752 1983 «ceratas
773 1935 939 1998 accipit
959 1935 1082 1982 unda
1101 1940 1238 1982 rates.

302 1999 450 2051 Flesti
472 2000 739 2049 discedens:
777 2001 866 2046 hoc
888 2001 1052 2048 saltem
1072 2014 1208 2062 parce
1229 2013 1416 2063 negare.

371 2065 614 2115 Praeterito
635 2067 784 2127 magis
805 2072 876 2112 est
895 2067 985 2112 iste
1004 2065 1243 2126 pudendus
1264 2080 1407 2114 amor.

304 2130 374 2181 Et
392 2128 529 2186 flesti,
550 2139 600 2178 et
619 2140 804 2177 nostros
824 2131 978 2177 vidisti
998 2129 1153 2177 flentis
1172 2130 1368 2179 ocellost

367 2196 646 2244 Miscuimus
664 2196 873 2242 lacrimas
892 2201 1088 2242 moestus
1107 2200 1300 2256 uterque
1319 2210 1438 2245 suas.

302 2262 418 2311 Non
440 2263 507 2310 sic
528 2261 744 2324 adpositis
763 2261 965 2307 vincitur
984 2261 1153 2308 vitibus
1172 2260 1339 2319 ulmus,

370 2327 444 2379 Ut
463 2335 544 2374 tua
562 2334 672 2374 sunt
687 2325 805 2373 collo
824 2326 1009 2373 brachia
1027 2339 1149 2373 nexa
1167 2340 1286 2373 meo.

301 2393 383 2442 Ah
403 2393 599 2454 quoties,
619 2389 726 2438 cum
747 2399 794 2439 te
812 2392 956 2438 vento
976 2405 1215 2452 quererere
1235 2393 1393 2448 teneri,

368 2457 594 2505 Riserunt
614 2456 834 2504 comites!
871 2456 950 2503 ille
970 2457 1196 2507 secundus
1216 2460 1327 2505 erat.
1574 2462 1640 2508 50

305 2522 479 2573 Oscula
499 2520 701 2568 dimissae
719 2522 898 2583 quoties
919 2522 1112 2584 repetita
1130 2520 1320 2570 dedisti!

372 2584 526 2642 Quam
547 2586 629 2632 vix
649 2588 865 2633 sustinuit
883 2587 1036 2635 dicere
1048 2579 1221 2650 ling‘ua,
1238 2586 1380 2637 Vale!

304 2653 436 2702 Aura
455 2651 570 2699 levis
591 2650 740 2713 rigido
759 2652 1006 2713 pendentia
1025 2652 1164 2699 lintea
1184 2651 1306 2698 malo

371 2716 573 2767 suscitat
585 2733 602 2777 ;
636 2724 684 2765 et
705 2717 845 2766 remis
858 2723 996 2768 eruta
1014 2722 1149 2767 canet
1165 2730 1300 2780 aqua.
1373 2733 1378 2737 ·
