1867 2942
510 124 889 192 HRRQIDES.
941 125 1104 177 Erm-
1116 125 1266 175 xlx.
1491 131 1555 183 9⁵

222 255 295 303 At
314 270 401 305 nou
418 256 587 305 diversi
608 258 806 306 medium
829 257 1041 306 coeamus
1061 258 1110 305 in
1131 274 1311 322 aequor:
1403 274 1408 277 ’

290 319 527 385 Obviaque
547 324 593 371 in
618 325 807 372 summis
829 324 984 372 oscula
1005 325 1163 372 demus
1182 326 1332 387 aquisz

222 385 384 450 Atque
403 388 470 436 its
482 390 672 451 quisque
693 405 798 437 suas
820 390 984 436 iterum
1008 390 1241 439 redeamus
1261 390 1489 439 adm-bes.
1521 401 1542 409 ‘·

289 451 542 516 Exiguum,
565 456 645 502 sed
665 455 780 517 pius,
804 452 939 517 quzim
963 455 1087 510 nihil,
1110 456 1223 503 illud
1244 457 1345 504 erit.
1368 489 1376 496 ·
1459 458 1556 504 170

223 515 317 565 Vel
337 519 483 581 pudor
502 519 576 567 hic
600 514 786 576 utimini,
810 521 888 582 qui
912 535 997 568 nos
1021 517 1136 567 eldm
1158 522 1286 583 cogit
1305 536 1471 578 amare,
1525 568 1529 573 ,

272 581 382 637 ,vel
401 584 586 631 timidus
607 585 742 632 famae
763 585 1084 639 cedei-evellet
1104 586 1256 634 amor!

219 646 366 696 Nunc
386 646 507 696 male
530 666 601 698 res
612 652 803 714 junctae,
828 651 953 697 calor
973 658 1022 697 et
1044 652 1309 708 reverentia,
1331 658 1553 715 pugnant.

288 713 416 769 Quid
435 729 598 776 sequar
618 716 667 763 in
690 716 823 764 dubio
844 722 928 763 est.
965 715 1088 763 Haec
1110 717 1258 764 decet:
1287 717 1364 764 ille
1371 719 1521 782 juvat.

219 777 294 828 Ut
310 780 450 828 semel
469 781 657 828 intravit
675 779 875 829 Colchos
898 780 1149 843 Pagasaeus
1172 780 1335 841 liison3

283 841 554 908 Impositum
576 846 712 893 celeri
736 845 935 893 Phasida
955 861 1104 908 puppe
1125 846 1243 893 tulit.

222 908 297 959 Ut
310 911 453 958 semel
474 908 629 959 Idaeus
651 910 989 958 Lacedaemona
1010 912 1137 958 venit
1157 911 1331 959 adulter
1342 929 1360 971 3

286 974 410 1025 Cum
430 974 586 1038 praedd
605 976 737 1023 rediit
751 978 959 1038 protinus
980 976 1055 1023 ille
1069 974 1165 1023 suii-

215 1038 310 1096 Tu,
331 1038 468 1103 qudm
482 1056 607 1104 saepe
625 1042 743 1104 petis
758 1042 879 1103 quod
900 1056 1040 1097 amas,
1062 1047 1155 1088 tam
1172 1057 1293 1105 saepe
1308 1041 1547 1105 relinquis}

284 1103 352 1154 Et
373 1107 550 1171 quoties
570 1120 713 1169 grave
728 1105 779 1153 fit
799 1107 1020 1169 puppibus
1043 1107 1122 1162 ire,
1145 1114 1291 1155 natas.
1461 1111 1557 1157 180

218 1171 299 1221 Sic
320 1177 487 1227 tamen,
505 1170 533 1220 ὃ
545 1173 746 1237 juvenis,
768 1174 1043 1219 tumidarum
1064 1173 1213 1219 victor
1235 1188 1466 1235 aquarum,

283 1236 362 1285 Sic
375 1235 514 1284 facito
534 1253 733 1300 spernas,
757 1245 809 1285 ut
830 1253 1026 1293 vereare,
1047 1236 1229 1285 fretum.

214 1301 338 1352 Arte
352 1302 567 1353 laboratae
583 1304 828 1351 vincuntur
850 1305 905 1351 ab
928 1318 1111 1364 aequore
1132 1318 1330 1366 puppesz

279 1365 359 1415 Tu
379 1374 461 1416 tua
478 1369 581 1431 plus
598 1369 732 1415 remis
753 1370 937 1416 brachia
956 1383 1092 1430 posse
1111 1368 1278 1430 putes?

214 1432 361 1490 Quod
380 1433 521 1496 cupis,
543 1434 631 1481 hoc
653 1440 805 1482 nautae
826 1441 1050 1490 metuunt,
1074 1431 1299 1491 Leandre‚
1317 1442 1488 1483 natare.

280 1497 453 1548 Exitus
472 1499 546 1546 hic
567 1498 723 1549 fractis
741 1500 964 1563 puppibus
984 1515 1086 1547 esse
1101 1500 1230 1551 solet.

216 1564 307 1613 Me
325 1564 560 1614 miseran!
587 1566 720 1627 cupio
743 1580 836 1612 non
857 1565 1142 1626 persuadere,
1167 1565 1289 1626 quod
1304 1565 1481 1614 hortor:
1531 1574 1539 1585 '

283 1629 459 1692 Sisque,
473 1645 647 1693 precor,
671 1630 856 1677 monitis
875 1629 1038 1677 fortior
1060 1630 1157 1692 ipse
1178 1631 1307 1678 meis.

215 1694 487 1745 Dummodo
507 1695 757 1757 pervenias,
780 1709 1062 1755 excussaque
1086 1710 1208 1757 saepe
1228 1711 1310 1758 per
1331 1696 1477 1745 undas

280 1758 467 1825 Injicias
486 1760 687 1807 humeris
705 1760 888 1806 brachia
906 1759 1028 1807 lassa
1046 1760 1175 1807 meis.
1459 1766 1554 1811 190

215 1826 308 1876 Sed
327 1826 455 1880 mihi,
477 1823 694 1883 caeruleas
715 1826 892 1885 quoties
914 1825 1126 1871 obvertor
1148 1824 1206 1872 ad
1231 1827 1388 1882 undas,

280 1890 459 1939 Nescio
480 1904 586 1952 quae
604 1889 817 1952 pavidum
837 1887 1012 1950 frigora
1030 1896 1189 1950 pectus
1209 1890 1391 1947 habent,

214 1955 322 2007 Nec
343 1952 496 2007 minus
516 1956 743 2005 hesternae
764 1952 1020 2001 confundor
1042 1954 1241 2017 imagine
1261 1958 1425 2011 noctis,

281 2020 509 2079 Quamvis
530 2027 602 2068 est
622 2020 761 2067 sacris
781 2019 860 2066 illa
880 2019 1004 2081 piata
1025 2019 1154 2069 meis.

212 2087 434 2150 Namque
456 2086 540 2135 sub
560 2083 758 2142 Aut-orii,
771 2085 872 2149 jam
894 2085 1170 2133 dormitante
1188 2084 1389 2142 lucerna,

280 2153 496 2219 (Summa
515 2167 608 2213 quo
629 2152 753 2199 cerni
776 2159 983 2213 tempore
1004 2165 1113 2199 vera
1133 2149 1306 2211 solent)

211 2219 424 2269 Stamina
443 2218 500 2273 de
521 2218 678 2281 digitis
698 2217 913 2273 cecidere,
935 2231 1101 2279 sopore
1121 2216 1342 2267 remissis:

281 2282 505 2345 Collaque
523 2283 712 2345 pulvino
734 2290 893 2332 nostra
905 2282 1095 2330 ferenda
1116 2282 1232 2333 dedi.

211 2350 311 2400 Hic
331 2363 422 2413 ego
443 2356 659 2397 ventosas
679 2356 865 2396 nantem
887 2347 1098 2410 delphina
1117 2362 1198 2410 per
1218 2345 1362 2399 undas

276 2413 481 2467 cernere
502 2429 595 2461 non
617 2411 751 2462 dubia
770 2430 871 2462 sum
893 2413 1005 2460 mihi
1025 2412 1125 2463 visa
1137 2411 1241 2461 fide.
1456 2417 1556 2461 200

213 2479 386 2541 Quem,
400 2486 640 2544 postquam
660 2479 822 2527 bibulis
844 2479 971 2526 illisit
991 2477 1157 2526 fluctus
1177 2477 1343 2534 arenis,

279 2545 422 2596 Unda
442 2544 579 2603 simul
599 2545 815 2593 miserum
838 2545 1024 2605 vitaque
1045 2544 1260 2595 deseruit.

213 2610 450 2674 Quidquid
468 2611 516 2661 id
536 2617 621 2668 est,
643 2611 799 2659 timeo.
840 2608 945 2658 Nec
965 2616 1017 2658 tu
1039 2624 1142 2661 mea
1164 2610 1344 2663 somnia
1358 2609 1481 2659 ride:
1531 2617 1537 2622 “

171 2728 175 2739 1
272 2675 380 2727 Nec
402 2677 491 2726 nisi
515 2674 761 2742 tranquillo
782 2675 968 2727 brachis
990 2674 1126 2729 erede
1147 2677 1277 2727 mari.
