1867 2942
335 127 476 194 21⁶⁴
523 136 528 140 ·
684 118 764 168 --P.·
780 112 1013 166 ov1n11
1044 111 1344 163 NAsoms
1374 117 1421 130 ··

340 253 409 303 Et
430 250 600 306 venian
618 261 721 311 quae
740 249 903 298 lustret
921 261 1035 293 anus
1055 245 1310 305 lectumque
1328 243 1604 304 locumque:
1664 241 1675 256 ‘

410 315 630 365 Praeferat
650 321 697 360 et
717 310 909 360 tremula
930 309 1074 357 sulfur
1095 316 1142 356 et
1162 324 1250 355 ova
1268 323 1424 354 manu.
1570 311 1680 355 330

343 382 565 431 Omnibus
584 380 655 426 his
682 381 862 426 inerunt
882 382 1029 439 gratae
1047 374 1242 435 vestigia
1260 388 1404 419 curaez
1664 375 1669 384 ’

323 497 326 500 ,
409 446 467 494 In
489 445 661 492 tabulas
682 444 835 490 multis
867 444 968 487 haec
989 440 1064 485 via
1084 438 1192 485 fecit
1212 440 1312 484 iter.

327 513 421 563 ‘Ne
441 520 593 562 tamen
614 509 771 555 officiis
789 507 942 554 odium
964 509 1190 563 quaeratur
1211 503 1266 547 ab
1287 499 1439 563 aegrt'i5

410 578 481 624 Sit
502 590 611 622 suus
632 575 679 619 in
699 569 861 618 blanda
882 567 1119 614 sedulitate
1140 567 1314 613 modus.

342 642 480 693 Neve
494 641 594 686 cibo
612 638 807 699 prohibe,
832 648 915 679 nec
937 632 1075 677 amari
1091 631 1253 692 pocula
1271 630 1397 678 succi

253 717 259 724 ‘
411 704 623 765 Porrige:
653 700 803 746 rivalis
824 698 1013 743 misceat
1032 695 1110 741 illa
1130 702 1253 741 tuus.

345 772 439 821 sed
460 784 565 821 non,
589 767 660 813 cui
682 762 854 811 dederis
875 758 904 807 ὃ.
922 760 1057 807 litore
1077 760 1272 815 carbasa,
1294 765 1437 808 vento

337 861 346 880 ε
409 833 659 885 Utendum,
683 828 831 876 medio
852 821 958 872 cum
979 825 1151 886 potiere
1168 823 1302 871 freto.

345 902 475 951 Dum
497 912 644 945 novus
662 900 783 942 errat
802 907 942 945 amor,
963 890 1083 936 vires
1106 890 1189 936 sibi
1210 889 1393 951 colligat
1414 904 1534 937 usu:

411 965 462 1014 Si
479 964 596 1011 bene
616 959 840 1011 nutrieris,
860 963 1065 1016 tempore
1084 953 1240 1001 firmus
1260 955 1360 1001 erit.
1578 959 1684 1003 :340

344 1030 499 1087 Quem
520 1034 697 1075 taurum
718 1022 896 1077 metuis,
912 1020 1111 1067 vitulum
1132 1020 1330 1066 mulcere
1350 1017 1556 1067 solebas:
1662 1025 1672 1036 ¹

411 1095 505 1144 Sub
526 1090 615 1153 quii.
633 1105 756 1137 nunc
777 1087 960 1135 recubas
980 1086 1150 1140 arbore,
1171 1086 1301 1146 virga
1317 1083 1421 1130 fuit.

345 1159 566 1210 Nascitur
586 1157 791 1217 exiguus,
815 1152 895 1199 sed
916 1165 1026 1212 opes
1047 1150 1240 1210 adquirit
1254 1149 1428 1206 eundo;

415 1221 768 1283 Quaque-venit,
790 1217 956 1266 multas
977 1216 1138 1277 accipit
1159 1216 1303 1262 amnis
1323 1229 1477 1274 aquas.

348 1289 444 1339 Fac
465 1288 545 1335 tibi
566 1290 858 1334 consuescat:
897 1281 964 1327 nil
984 1280 1307 1327 consuetudine
1325 1279 1485 1341 majus.

415 1353 569 1409 Quam
590 1352 668 1398 tssui
691 1350 798 1396 dum
820 1347 983 1409 capiaS,
1006 1346 1142 1393 taedia
1161 1345 1284 1392 nulla
1294 1344 1420 1406 fuge.

347 1418 422 1467 Te
443 1432 620 1478 semper
639 1415 815 1474 videat:
842 1411 923 1459 tibi
946 1426 1121 1472 semper
1141 1410 1339 1472 praebeat
1358 1424 1544 1458 aurem:

347 1499 364 1530 .’
415 1482 642 1531 Exhibeat
661 1479 817 1526 vultus
837 1492 1021 1537 noxque
1041 1476 1224 1537 diesque
1245 1481 1363 1522 tuos.

350 1545 474 1610 Cdm
495 1547 575 1593 tibi
595 1546 739 1607 major
758 1543 846 1591 erit
864 1540 1040 1596 fiducia,
1061 1556 1196 1603 posse
1209 1539 1402 1601 requiri;

414 1611 539 1660 Tum
558 1610 729 1674 procul,
752 1606 923 1656 absenti
945 1622 1054 1653 cura
1069 1605 1262 1661 futurus,
1286 1605 1370 1652 abi.
1584 1609 1687 1653 350

350 1675 433 1726 Da
452 1678 664 1738 requiem.
712 1674 966 1735 Requietus
987 1687 1096 1734 ager
1115 1672 1230 1717 bene
1252 1670 1420 1716 credita
1438 1669 1614 1718 reddit:

414 1741 646 1803 Terraque
666 1740 873 1788 coelestes
894 1737 1019 1783 arida
1040 1736 1189 1783 sorbet
1209 1750 1360 1796 aquas.

351 1807 565 1869 Phyllida
583 1805 888 1867 Demophoon
908 1816 1112 1862 praesens
1132 1797 1404 1847 moderatius
1424 1800 1565 1847 ussit:

414 1871 603 1921 Exarsit
623 1871 735 1917 velis
756 1865 901 1915 acrids
920 1866 1000 1913 illa
1019 1866 1150 1913 datis.
1307 1909 1314 1916 ,

351 1934 639 2003 [Penelopen
661 1936 821 1981 absens
843 1931 1001 1979 sollers
1020 1929 1257 1989 torquebat
1274 1925 1463 1975 Ulixes:

418 2000 703 2062 Phyllacides
723 1998 884 2049 aberat,
908 1991 1170 2047 Laodamia,
1192 1990 1337 2056 tuus-J

353 2067 447 2115 Sed
466 2075 598 2118 mora‘
613 2070 711 2111 tuta
728 2062 901 2109 brevis:
927 2057 1188 2106 lentescunt
1206 2064 1411 2119 tempore
1433 2072 1583 2116 ουτως

353 2149 364 2154 ·
418 2130 723 2189 Vanescitque
744 2128 919 2179 absens,
938 2129 985 2171 et
1006 2137 1153 2170 novus
1171 2124 1319 2178 intrat,
1336 2131 1479 2169 amor.

352 2196 485 2244 Dum
508 2193 750 2241 Menelaus
771 2192 907 2244 abest⁶
926 2187 1111 2236 Helene
1131 2203 1191 2234 ne
1211 2188 1307 2234 sola
1316 2187 1508 2248 jaceret,

423 2259 633 2321 Hospitis
655 2264 726 2305 est
747 2256 895 2317 tepido
918 2261 1054 2301 nocte
1074 2260 1256 2314 recepta
1275 2252 1391 2299 sinu.
1587 2256 1688 2301 560

353 2326 447 2381 Ωμὶ
471 2333 626 2385 stupor
645 2324 734 2378 hic,
757 2319 986 2374 Menelae,
1008 2318 1126 2365 suit?
1149 2325 1199 2364 tu
1222 2317 1344 2364 solus
1365 2316 1545 2365 abibas:

417 2370 573 2435 isdem
593 2387 679 2434 sub
700 2386 831 2433 tectis
850 2386 1014 2446 hospes
1035 2389 1082 2429 et
1096 2398 1213 2429 uxor
1232 2389 1373 2429 erant.
1598 2387 1603 2388 ⁷

352 2452 574 2512 Accipitri
594 2451 773 2499 timidas
794 2450 952 2503 credis,
973 2447 1155 2501 furiose,
1172 2444 1436 2493 columbas?

419 2514 612 2561 Plenum
634 2522 850 2562 montano
870 2512 1015 2560 credis
1036 2512 1156 2558 ovile
1174 2509 1310 2572 lupo?
1500 2547 1507 2554 .

352 2578 435 2625 Nil
459 2574 641 2625 Helene
660 2586 840 2639 peccat;
863 2578 928 2624 nil
949 2578 1023 2623 hic
1037 2576 1280 2639 committit
1298 2574 1496 2622 adulter-2
1528 2609 1535 2612 -

418 2640 556 2696 Quod
578 2651 640 2698 tu,
663 2643 786 2703 quod
803 2642 974 2690 faceret
987 2639 1183 2703 quilibet,
1205 2639 1281 2688 ille
1300 2638 1424 2686 facit.
