1867 2942
415 107 421 114 ’
453 122 660 171 ARTIS
690 114 1080 173 AMAToRIAE
1135 124 1242 173 Lu„
1266 124 1334 175 11.
1461 131 1557 178 225

234 250 394 307 Utilis,
418 250 446 299 ὂ
458 254 678 316 Juvenes!
715 260 793 301 aut
811 256 923 309 haec,
947 260 1026 303 a'ut
1046 257 1186 304 serior
1207 264 1330 304 aetas.

302 314 399 363 Iste
418 317 533 365 seret
552 326 759 381 segetes3
793 320 880 367 iste
901 322 1115 368 serendus
1136 338 1259 383 ager.
1381 374 1387 382 ,

231 380 368 428 Dum
389 383 508 430 vires
530 382 721 446 annique
743 385 908 439 sinunt,
931 384 1119 433 tolerate
1136 387 1311 434 labores
1324 406 1338 433 ι

298 445 407 494 Jam
430 448 578 495 veniet
599 451 735 496 tacito
758 465 896 496 curva
916 458 1098 497 senecta
1116 453 1244 512 pede.
1457 453 1555 499 670

229 510 337 557 Aut
354 527 477 559 mare
498 514 709 575 remigiis,
733 521 811 560 aut
831 530 1015 562 vomere
1028 514 1183 562 findite
1203 523 1368 574 ten-an
1406 523 1411 528 ’
1557 520 1559 523 ⁴

299 575 400 622 Aut
413 576 507 623 fera
525 579 759 640 belligeras
781 578 929 625 addite
950 580 998 625 in
1020 595 1145 626 arma
1165 596 1346 628 manus:

230 639 336 687 Aut
353 642 485 697 latus,
509 650 555 689 et
576 644 706 698 vires,
730 658 1001 704 operamque
1022 643 1192 692 adferte
1211 646 1386 707 puellis.

300 705 412 754 Hoc
454 722 630 768 quoque
672 708 844 756 militiae
887 715 989 755 est:
1048 709 1135 756 hoc
1171 725 1351 771 quoque
1393 709 1557 773 quaerit

512 788 547 817 s.

231 834 381 890 Adde
403 833 523 897 quod
544 844 614 883 est
634 837 720 884 illis
741 852 924 898 operum
946 838 1183 900 prudentia
1202 840 1367 903 major:

299 900 433 949 Solus
455 908 513 957 et,
537 901 728 949 artifices
749 903 826 962 qui
848 902 970 957 facit,
995 918 1102 949 usus
1125 904 1265 958 adest.

230 962 335 1013 111ae
357 966 585 1012 munditiis
606 981 825 1013 annorum
849 963 1013 1014 damna
1034 969 1313 1030 rependunt:

297 1029 364 1076 Et
383 1030 553 1078 faciunt
572 1028 691 1086 cura,
715 1047 773 1078 ne
794 1032 1030 1079 videantur
1043 1046 1169 1080 anus.
1532 1061 1540 1066 -

233 1094 392 1156 thue
414 1095 537 1149 velis,
560 1095 788 1144 Venerem
801 1098 1006 1159 jungunt
1026 1113 1106 1159 per
1126 1097 1250 1144 mille
1264 1096 1447 1160 figuras.

289 1159 505 1208 -Inveniat
523 1160 673 1223 plures
694 1162 817 1209 nulla
837 1163 999 1209 tabella
1018 1162 1193 1210 modos.
1453 1165 1552 1210 680

228 1222 330 1271 luis
352 1227 540 1272 sentitur
561 1242 652 1273 non
673 1227 843 1274 irritata
862 1228 1098 1289 voluptasz

297 1289 436 1344 Quod
446 1292 590 1353 juvet,
614 1307 674 1339 ex
696 1307 827 1353 aequo
848 1291 1017 1339 femina
1037 1292 1196 1355 virque
1215 1292 1385 1341 ferente

229 1352 322 1402 Odi
344 1356 618 1410 concubitus,
642 1357 716 1419 qui
740 1373 831 1404 non
854 1364 1095 1420 utrumque
1115 1358 1371 1405 resolvunt:

297 1418 406 1467 Hoc
427 1428 612 1488 est-cur
632 1424 758 1484 pueri
779 1430 940 1486 tangar
961 1438 1114 1470 amore
1134 1422 1299 1470 minus.

230 1483 320 1532 Odi
341 1499 443 1545 quae
463 1487 643 1548 praebet,
667 1488 772 1548 quia
794 1489 852 1535 sit
872 1489 1072 1550 praebere
1093 1502 1303 1545 necesse;

295 1549 510 1611 Siccaque
530 1551 587 1597 de
606 1551 710 1598 lanai
730 1554 901 1615 cogitat
919 1554 1018 1614 ipsa
1038 1550 1132 1599 sufi-

231 1614 354 1670 Quae
375 1614 505 1660 datur
527 1616 687 1670 officio,
712 1631 803 1662 non
825 1624 896 1663 est
914 1616 1025 1663 mihi
1045 1623 1178 1679 grata
1198 1617 1421 1680 voluptas.

295 1678 508 1727 Officium
523 1677 659 1726 faciat
681 1680 803 1727 nulla
820 1680 973 1742 puella
989 1681 1114 1727 mihi.

230 1743 317 1792 Me
338 1757 477 1789 voces
496 1743 649 1790 audire
661 1744 795 1804 juvat
815 1759 895 1792 sua
909 1744 1075 1805 gaudia
1093 1744 1256 1793 fassas:

296 1808 455 1869 thue
474 1822 623 1854 morer
643 1815 822 1863 memet,
846 1809 1191 1870 sustineamque,
1213 1818 1360 1872 roget.
1457 1812 1557 1859 690

229 1872 492 1935 Adspiciam
513 1873 711 1920 dominae
732 1874 879 1922 victos
900 1875 1093 1921 amentis
1113 1874 1296 1921 ocellos.
1468 1893 1477 1906 ι

293 1938 560 2000 Languent3
595 1945 642 1984 et
662 1939 790 2000 tangi
813 1954 863 1985 se
878 1945 1003 1998 yetet
1022 1939 1099 1985 illa
1119 1939 1209 1985 diu.

229 2002 350 2051 Haec
371 2004 490 2050 bona
503 2018 596 2050 non
617 2003 777 2066 primae
797 2004 952 2050 tribuit
973 2010 1129 2050 natura
1138 2005 1360 2066 Juventae‚

293 2069 415 2125 Quae
434 2065 526 2115 cito
546 2076 651 2130 post
673 2074 844 2131 septem
865 2068 1008 2115 lustra
1027 2070 1183 2115 venire
1204 2068 1368 2115 solent.

230 2134 323 2190 Qui
353 2141 605 2197 properant,
629 2149 751 2182 nova
773 2139 923 2181 musta
945 2133 1110 2181 bibant.
1146 2133 1267 2181 Mihi
1283 2132 1443 2180 fundat
1457 2132 1555 2179 avi-

419 2207 516 2247 tum
747 2243 754 2249 .
1302 2223 1308 2227 ·

295 2260 567 2312 Consulibus
588 2266 746 2326 priscis
767 2265 949 2312 condita
969 2270 1087 2311 testa
1106 2278 1295 2310 merum.

231 2327 332 2376 Nec
352 2328 572 2390 platanus,
595 2332 681 2377 nisi
705 2346 817 2384 sera,
839 2336 990 2392 potest
1011 2330 1225 2378 obsistere
1248 2327 1450 2375 Phoebo:
1482 2345 1489 2352 ·

293 2393 358 2439 Et
376 2393 715 2441 laeduntnudos
766 2402 863 2441 rata
883 2394 1062 2441 novella
1080 2394 1231 2455 pedes.

233 2458 409 2507 Scilicet
432 2456 717 2506 Hermionen
735 2411 938 2506 ilelenae
958 2473 1220 2520 praeponere
1238 2472 1394 2519 posses
1408 2455 1432 2502 ἲ

292 2521 358 2570 Et
377 2524 535 2570 melior
559 2524 733 2585 Gorge,
756 2521 891 2583 quem
915 2539 997 2570 sua
1016 2531 1173 2578 mater,
1196 2520 1327 2569 erat?
1458 2524 1557 2568 700

234 2587 307 2636 Ad
326 2586 555 2636 Venerem
576 2590 853 2651 quicumque
868 2589 996 2635 voles
1017 2589 1243 2650 attingere
1264 2600 1433 2644 seram3

283 2652 341 2700 si
363 2651 497 2704 modo
518 2653 702 2711 duratis,
724 2654 912 2718 praemia
932 2654 1070 2718 digna
1090 2653 1223 2702 feres.
