1867 2942
378 137 583 187 ARTis
615 137 1004 189 AMATORIAE
1036 136 1146 187 Lu.
1168 137 1265 186 111.
1414 144 1521 187 241·

187 266 266 314 Ah
288 269 463 328 quoties
484 269 641 317 dubius
663 271 842 331 scriptis
862 269 1032 317 exarsit
1051 277 1252 329 amator-3

254 331 319 378 Et
340 334 495 380 nocuit
512 333 671 381 formae
690 335 875 382 barbara
893 335 1050 396 lingua
1066 335 1220 383 bonae!
1322 370 1327 375 ·
1390 385 1394 389 ⁴

190 396 283 447 Sed
302 398 526 457 quoniam,
549 400 752 460 quamvis
773 401 902 447 vittae
923 401 1112 447 careatis
1131 401 1317 455 honore,
1388 418 1393 425 ·

254 459 343 508 Est
364 463 491 510 vobis
511 472 688 511 vestros
707 464 860 512 saliere
882 479 989 511 cura
1009 465 1153 522 viros;
1188 478 1195 485 ‘

186 526 383 574 Aneinae
402 529 587 590 puer-ive
606 544 767 576 manus
786 529 901 576 ferat
921 536 1025 590 apta
1045 530 1250 581 tabellas:

256 589 458 653 Pignora
477 609 561 640 nec
572 595 733 656 juveni
754 595 920 641 credite
944 601 1092 641 vestra
1110 609 1246 641 novo.

190 655 300 702 Vidi
322 672 411 718 ego
429 658 647 719 pallentes
668 660 756 706 isto
778 669 948 705 terrore
958 659 1136 719 puellas

255 720 497 769 Servitium
519 723 705 770 miseras
724 730 902 784 tempus
921 725 970 768 in
987 738 1121 769 omne
1140 722 1247 784 pati.

190 784 485 834 Perfidusille
504 788 695 848 quidem,
718 789 793 849 qui
815 788 921 835 talia
940 787 1133 849 pignora
1153 793 1320 834 servat:

257 851 348 909 Sed
367 860 519 900 tamen
540 852 715 900 AEtnaei
735 852 937 899 fulminis
957 855 1100 898 instar
1119 852 1263 898 habet.
1419 853 1521 901 490

189 913 356 964 Judice
376 932 450 964 me
468 916 591 965 fraus
611 925 681 964 est
702 932 927 970 concessa,
951 916 1164 978 repellere
1179 916 1405 963 fraudem:

259 981 492 1043 Armaque
511 983 559 1029 in
580 989 777 1029 armatos
797 996 972 1028 sumere
982 983 1090 1044 jura
1110 982 1275 1028 sinunt.

191 1044 381 1093 Ducere
400 1055 666 1094 consuescat
685 1046 850 1093 multas
870 1058 1030 1092 manus
1050 1062 1143 1093 una
1159 1044 1342 1107 figuras.

259 1111 336 1158 Ah
352 1118 552 1172 pereant,
572 1127 654 1174 per
673 1127 787 1173 quos
807 1112 895 1158 ista
914 1111 1139 1158 monenda
1157 1110 1288 1160 mihi!

192 1174 299 1222 Nec
320 1177 404 1223 nisi
426 1177 585 1225 deletis
604 1184 753 1224 tutum
774 1176 1016 1223 rescribere
1035 1176 1174 1222 ceris:

261 1239 350 1287 Ne·
360 1248 512 1288 teneat
527 1243 736 1304 geminas
756 1257 847 1288 una
866 1241 1027 1288 tabella
1048 1255 1221 1287 manus.

197 1303 389 1353 Femina
409 1306 582 1355 dicetur
602 1307 810 1355 scribenti
831 1321 1007 1368 semper
1027 1312 1228 1352 amator:

265 1368 352 1417 Illa
374 1371 497 1425 sitin
519 1373 694 1427 vestris,
717 1372 795 1433 qui
814 1370 901 1418 fuit
921 1372 1015 1425 ine,
1037 1371 1171 1419 notis.
1320 1377 1324 1381 “

198 1434 291 1482 Sed
307 1435 412 1482 libet
431 1434 461 1483 a
475 1436 629 1498 ‘parvis
650 1438 848 1485 animum
870 1436 927 1483 ad
948 1437 1119 1499 majora
1133 1433 1309 1492 referre,

264 1499 491 1562 Plenaque
511 1509 698 1550 curvato
718 1502 914 1564 pandere
932 1501 1037 1548 vela
1058 1502 1174 1548 sinu.
1408 1500 1527 1547 ‘500
1581 1517 1583 1520 ⁴

200 1564 409 1613 Pertinet
428 1567 485 1613 ad
502 1566 663 1615 faciem
686 1567 860 1614 rabidos
879 1581 1165 1627 compescere
1184 1579 1348 1613 mores·
1514 1569 1527 1577 ‘

265 1628 471 1679 Candida
488 1646 581 1692 pax
591 1632 809 1685 homines,
831 1639 938 1676 trux
953 1631 1085 1677 decet
1101 1632 1168 1676 ira
1186 1629 1318 1676 feras.

197 1695 295 1744 Ora
316 1701 492 1741 tument
513 1693 581 1740 ira
591 1711 608 1751 3
631 1695 893 1755 nigrescunt
914 1696 1136 1755 sanguine
1153 1708 1315 1750 venae3

266 1759 466 1807 Lumina
488 1759 737 1820 Gorgoneo
758 1755 924 1805 saevids
938 1759 1054 1819 igne
1072 1758 1256 1804 micant.

198 1824 229 1874 1
249 1824 409 1888 procul
429 1824 550 1878 hinc,
569 1822 698 1877 dixit,
715 1837 808 1869 non
830 1837 879 1870 es
899 1822 1023 1877 mihi,
1043 1823 1163 1877 tibia,
1184 1821 1322 1880 tanti;

269 1889 339 1938 Ut
359 1888 473 1936 vidit
490 1889 644 1936 vultus
659 1887 810 1935 Pallas
824 1889 873 1933 in
893 1902 1028 1935 amne
1048 1901 1170 1934 suos.

200 1954 304 2005 Vos
323 1969 503 2017 quoque
523 1954 562 2002 si
581 1951 731 2000 media
743 1953 975 2015 speculum
997 1951 1210 2014 spectetis
1229 1952 1276 1998 in
1296 1948 1387 2010 ἱτὸς

268 2018 533 2082 Cognoscat
550 2018 712 2066 faciem
732 2020 814 2064 vix
835 2019 944 2065 satis
964 2018 1056 2064 ulla
1071 2032 1212 2064 suam.

201 2085 307 2133 Nec
328 2082 485 2132 minus·
499 2085 547 2131 in
567 2083 696 2131 vultu
718 2083 935 2131 damnosa
954 2083 1343 2144 superbiavestro:

270 2149 488 2199 Comibus
508 2157 579 2198 est
598 2149 742 2197 oculis
761 2147 1036 2196 adliciendus
1054 2161 1195 2194 amor.
1430 2148 1527 2193 510

205 2214 398 2264 Odimus
418 2216 682 2263 immodicos
705 2215 928 2279 (expertae
948 2210 1136 2272 credite)
1159 2211 1317 2259 fastus.
1388 2234 1393 2241 ·
1526 2215 1535 2220 ”

274 2280 408 2341 Saepe
427 2287 583 2333 tacens
603 2280 694 2327 odii
716 2281 887 2328 semina
906 2279 1060 2326 vultus
1080 2277 1228 2324 habet.

207 2345 498 2409 Spectantem
519 2351 699 2406 spectat
730 2345 891 2393 ridenti
912 2344 1066 2391 mollia
1086 2341 1195 2388 ride.

273 2408 467 2465 Innuet3
490 2416 695 2470 acceptas
714 2417 766 2456 tu
785 2424 966 2471 quoque
987 2407 1122 2456 redde
1136 2414 1281 2454 notas.

172 2480 181 2488 ⁶
210 2460 288 2524 Sic
310 2475 385 2523 ubi
405 2474 607 2536 prolusit,
630 2475 812 2521 rudibus
830 2490 943 2536 puer
963 2474 1040 2520 ille
1060 2472 1227 2518 relictis

277 2539 461 2602 Spicula
481 2540 545 2586 de·
558 2537 765 2602 pharetra
782 2539 950 2601 promit
969 2544 1103 2585 acuta
1123 2533 1217 2582 sua.

208 2604 404 2655 Odimus
422 2611 471 2654 et
490 2611 690 2661 moestas·
720 2602 1011 2652 Tecmessam
1033 2601 1193 2664 diligat
1213 2601 1364 2664 Ajax:

274 2669 393 2726 Nos.
414 2670 598 2720 hilarem
615 2669 853 2733 populum,
868 2669 1041 2723 femina
1055 2667 1164 2715 laeta
1181 2667 1312 2730 capit·
1365 2690 1377 2699 1
1394 2686 1405 2697 ⁴

201 2750 310 2785 vor..
333 2750 367 2783 ι.
1123 2747 1158 2781 Y
