1867 2942
369 204 379 213 ·
549 170 932 226 HRROIDES.
979 171 1142 223 Erm-
1165 170 1314 220 XIII.
1511 169 1581 220 5⁵

246 305 317 359 Et
337 305 474 355 facito
481 304 633 363 zaim,
648 305 828 368 quoties
847 319 1054 368 pugnare
1070 303 1262 366 parabis,

316 371 511 421 Parcere
531 387 606 420 me
616 372 758 435 jussit
776 369 1025 419 Laodamia
1044 370 1142 416 sibi.
1503 367 1576 414 70

250 436 304 486 si
325 437 486 485 cadere
505 437 729 499 Argolico
744 435 816 482 fas
837 441 907 483 est
926 435 1010 482 sub
1030 435 1173 481 milite
1193 432 1410 496 Trojam3

311 500 388 550 Te
408 517 586 563 quoque
606 515 700 548 non
721 500 863 547 ullum
883 499 1050 546 vulnus
1069 499 1261 546 habente
1280 497 1423 544 cadat.

252 566 454 630 Pugnet,
474 574 523 613 et
544 566 757 613 adversos
776 564 935 612 tendat
955 564 1196 610 Menelaus
1215 564 1263 609 in
1283 563 1467 610 hostes:

317 630 390 680 Ut
410 631 552 694 rapiat
571 630 739 686 Paridi,
760 644 895 691 quam
919 628 1051 676 Paris
1071 625 1179 675 ante
1200 628 1298 674 sibi.

246 695 433 754 ἔτι-παις
464 705 516 743 et
532 693 694 743 caussa
711 709 848 756 quem
867 694 1023 748 vincit,
1045 695 1199 740 vincat
1220 697 1268 739 et
1285 692 1438 738 armis.

321 760 547 811 Hostibus
569 757 596 807 ὲ
616 760 776 807 mediis
796 766 940 820 nupta
956 758 1150 820 petenda
1167 757 1267 804 viro
1285 763 1373 804 est.

247 825 432 886 Caussa
451 832 532 873 tua
550 832 623 873 est
641 825 805 886 dispar.
844 822 922 870 Tu
941 821 1120 870 tantum
1140 822 1295 869 vivere
1313 834 1482 883 pugna.

315 889 465 953 Inque
483 891 584 953 pios
604 891 803 937 dominae
821 903 955 951 posse
977 887 1121 934 redire
1142 887 1283 933 sinus.

234 956 446 1013 Parcite,
467 955 762 1010 Dardanidae,
783 954 842 1001 de
861 959 932 1000 tot
954 949 1156 1016 (precor)
1177 951 1381 998 hostibus
1397 947 1507 997 uni:

316 1020 396 1069 Ne
416 1036 546 1069 meus
565 1034 625 1067 ex
642 1019 723 1067 illo
743 1032 931 1080 corpore
952 1016 1136 1078 sanguis
1155 1021 1243 1062 eat.
1513 1016 1579 1060 80

249 1086 370 1136 Non
388 1093 479 1140 est,
495 1099 633 1147 quem
655 1084 812 1133 deceat
833 1082 955 1130 nudo
977 1095 1243 1129 concurrere
1261 1080 1398 1135 ferro,

320 1151 543 1212 Saevaque
562 1150 611 1197 in
634 1149 863 1212 oppositos
882 1153 1065 1210 pectora
1083 1146 1201 1193 ferre
1221 1143 1358 1192 {tiros-

250 1212 441 1267 Fortius
460 1215 537 1263 ille
555 1220 707 1277 potest
724 1210 883 1267 multo,
903 1227 1044 1274 quum
1065 1217 1239 1273 pugnat
1258 1214 1427 1258 amore.

317 1280 454 1330 Bella
471 1286 635 1343 gerant
655 1280 758 1337 alii;
794 1277 1071 1325 Protesilaus
1090 1281 1225 1323 amet.

250 1346 398 1396 Nunc
417 1345 588 1403 fateor-3
620 1345 745 1391 volui
767 1358 1008 1399 revocare3
1042 1341 1310 1401 animusque
1327 1337 1529 1398 ferebatg

318 1408 534 1461 Substitit
548 1411 736 1472 auspicii
753 1410 912 1470 lingua
929 1408 1094 1454 timore
1114 1404 1236 1453 mali.

250 1473 381 1529 Cum
392 1476 571 1525 foribus
591 1475 731 1522 velles
751 1475 807 1522 ad
825 1471 1015 1537 Trqjam
1036 1471 1161 1519 exire
1178 1468 1392 1534 paternis,

320 1541 414 1591 Pes
434 1548 541 1589 tuus
560 1540 734 1593 offenso
751 1539 907 1586 limine
928 1539 1062 1600 signa
1080 1536 1217 1584 dedit.

250 1606 331 1657 Ut
349 1606 457 1663 vidi,
480 1613 531 1653 ut
551 1606 705 1668 gemui
723 1621 738 1662 3
770 1604 999 1664 tacitoque
1020 1603 1069 1648 in
1088 1607 1273 1664 pectore
1292 1599 1414 1647 dixi:

318 1671 467 1735 signa
485 1671 709 1719 reversuri
725 1671 832 1724 sint,
853 1683 1028 1731 precor,
1048 1668 1138 1714 ista
1154 1666 1256 1712 viri.
1519 1665 1584 1710 90

255 1737 385 1794 Haec
405 1736 487 1784 tibi
506 1751 629 1787 nunc
651 1734 813 1788 refero,
834 1748 894 1779 ne
915 1734 977 1780 sis
1000 1732 1229 1779 animosus
1249 1730 1297 1775 in
1313 1728 1480 1777 armis:

236 1826 243 1833 ·
303 1801 419 1867 ¹Fae
432 1816 574 1856 ,meus
587 1801 636 1847 in
655 1806 822 1847 ventos
839 1798 914 1844 hio
934 1798 1073 1845 timor
1094 1795 1242 1843 omnis
1261 1800 1350 1841 eat.
1437 1797 1444 1805 ‘

251 1869 378 1931 Sors,
389 1874 574 1928 quoque
592 1865 747 1913 nescio
767 1877 904 1925 quem
923 1861 1020 1910 fato
1037 1860 1244 1923 designat
1263 1858 1434 1918 iniquo,

322 1932 419 1988 Qui
438 1932 612 1995 primus
632 1928 851 1977 Danassm
871 1926 1055 1974 Troada
1073 1930 1235 1987 tangat
1253 1923 1458 1970 humum.

250 1997 443 2053 Infelix,
461 2011 566 2059 quae
586 1996 733 2061 prima
749 1994 898 2041 virum
919 1991 1093 2054 lugebit
1113 1985 1373 2037 ademtam!

322 2063 394 2111 Di
411 2061 594 2118 faciant,
616 2076 676 2108 ne
695 2066 748 2111 tu
768 2065 982 2107 strenuus
1000 2071 1103 2104 esse
1120 2052 1263 2103 velis!

250 2127 532 2191 lutermille
552 2133 675 2174 rates
694 2132 775 2173 tua
792 2124 854 2172 sit
871 2122 1113 2171 millesima
1129 2118 1306 2183 puppis,

319 2192 516 2255 Jamque
533 2190 747 2254 fatigatas
767 2188 927 2237 ultima
946 2193 1098 2236 verset
1116 2200 1269 2247 aquas.

253 2257 372 2308 Hoc
392 2272 574 2319 quoque
591 2270 883 2319 praemoneo:
922 2254 981 2301 de
997 2267 1118 2301 nave
1138 2247 1414 2298 novissimus
1433 2244 1523 2292 exi.
1567 2260 1573 2265 ·

322 2322 439 2371 Non
456 2329 543 2378 est,
565 2318 656 2383 quo
674 2336 900 2383 properes,
923 2325 1045 2366 terra
1063 2323 1253 2379 paterna
1272 2312 1366 2358 tibi.
1497 2312 1593 2356 loo

252 2384 384 2439 Cum
402 2387 576 2442 venies,
596 2400 811 2446 remoque
831 2398 969 2433 move
988 2383 1182 2443 veloque
1200 2377 1396 2425 carinam
1412 2392 1429 2433 ;
1554 2384 1560 2390 ·

321 2448 474 2514 Inque
493 2459 574 2509 tuo
595 2450 789 2503 celerem
808 2450 944 2497 litore
963 2448 1075 2497 ,siste
1095 2444 1302 2507 gradum.
1508 2442 1514 2448 '

242 2519 371 2585 ‘Sive
388 2517 502 2567 latet
523 2516 740 2569 Phoebus,
762 2531 844 2562 seu
863 2513 997 2561 terris
1017 2511 1150 2558 altior
1170 2514 1348 2562 exstat3

324 2580 403 2629 Tu
423 2583 532 2629 mihi
552 2581 657 2631 luce
676 2579 817 2633 dolor,
839 2585 891 2626 tu
912 2577 1024 2624 mihi
1045 2580 1194 2628 nocte,
1215 2572 1359 2620 venis.

255 2648 417 2709 Nocte
435 2654 604 2702 tamen,
624 2642 761 2706 quam
780 2644 896 2695 luce,
917 2641 1080 2703 magis.
1121 2638 1237 2688 Nox
1256 2642 1390 2698 grata
1407 2632 1591 2697 puellis:

327 2712 536 2770 Quarum
548 2711 818 2775 ,suppositus
833 2708 958 2765 colla
973 2707 1168 2763 laeettus
1186 2704 1334 2757 habet·
