1867 2942
275 194 340 240 92
616 188 675 240 Ρ.
705 185 941 240 ovmn
965 184 1278 240 NASONIS

276 320 477 369 Auribus
495 320 720 369 interdum
741 336 877 369 voces
898 330 1143 384 captamus,
1166 329 1213 370 et
1234 335 1416 371 omnem

342 386 582 434 Adventus
603 388 835 450 strepitum
857 387 1081 434 credimus
1099 402 1201 434 esse
1222 387 1304 435 tui.

280 452 357 500 Sic
378 453 453 499 ubi
474 452 555 499 dec
612 460 672 499 tae
694 468 796 515 pars
817 461 889 500 est
908 453 1019 499 mihi
1041 453 1238 500 maxima
1257 453 1406 501 noctis

343 516 496 576 Acta;
530 532 584 565 su
610 518 647 565 it
666 518 818 565 furtim
840 518 1013 565 lumina
1027 516 1150 565 ‘fessa
1171 533 1319 580 sopor.

280 580 491 631 Forsitan
513 583 692 638 invitus,
716 597 892 630 mecum
915 590 1080 638 tamen,
1103 583 1317 645 improbe,
1340 582 1513 633 dormis
1532 601 1546 635 ε

345 647 422 703 Et,
447 663 713 711 quamquam
736 663 827 695 non
849 648 919 695 vis
940 648 1037 710 ipse
1057 649 1223 704 venire,
1246 650 1390 696 venis.

279 711 406 760 Nam
426 710 563 760 modd
583 718 632 761 te
651 713 806 760 videor
824 728 964 776 prope
984 728 1060 760 me
1082 720 1284 776 spectare
1303 720 1537 765 natantem
1556 735 1571 766 t

346 776 542 826 Brachia
561 794 681 827 nunc
702 779 899 825 humeris
919 777 1104 825 humida
1121 777 1239 825 ferre
1258 780 1387 828 meis.
1563 789 1634 834 60

281 841 422 890 Nunc
443 843 560 900 dare,
584 858 687 906 quae
708 844 844 897 soleo,
867 842 1057 890 madidis
1077 844 1301 892 velamina
1318 847 1570 898 membris:

348 907 542 956 Pectora
561 925 683 957 nunc
695 911 858 972 juncto
881 915 1030 956 vestra
1048 907 1204 957 fovere
1226 911 1341 958 sinu.

186 1046 191 1053 ἡ
284 971 524 1036 Multaque
542 982 769 1037 praeterea,
791 975 965 1037 linguae
986 974 1214 1022 reticenda
1233 975 1480 1037 modestae;

351 1039 474 1094 Quae
492 1040 654 1086 fecisse
664 1040 811 1102 juvat,
833 1039 955 1088 facta
975 1038 1140 1087 referre
1159 1041 1312 1103 pudet.

284 1102 372 1152 Me
392 1104 622 1152 miseram!
645 1104 795 1151 brevis
811 1112 882 1152 est
900 1106 1014 1160 haec,
1039 1112 1086 1152 et
1107 1121 1199 1153 non
1219 1122 1329 1155 vera
1346 1108 1580 1175 voluptas.

348 1167 474 1216 Nam
495 1176 547 1216 tu
568 1184 672 1215 cum
696 1184 853 1216 somno
875 1185 1053 1232 semper
1072 1171 1193 1218 abire
1215 1173 1346 1220 soles.

285 1231 483 1281 Firmius
505 1230 534 1280 ὃ
555 1233 701 1296 cupidi
723 1235 903 1281 tandem
926 1236 1138 1283 coeamus
1158 1244 1389 1287 amantesz

348 1297 453 1346 Nec
474 1307 656 1346 careant
676 1296 784 1346 vera
804 1300 969 1362 gaudia
991 1308 1144 1350 nostra
1162 1301 1265 1350 fide.

287 1362 388 1413 Cur
406 1378 495 1427 ego
516 1370 586 1412 tot
605 1364 763 1412 viduas
784 1367 917 1428 exegi
937 1366 1103 1428 frigida
1123 1367 1313 1417 noctes?
1403 1377 1410 1383 '

353 1426 452 1477 Cur
473 1428 606 1476 toties
626 1428 654 1476 ὃ,
675 1445 761 1486 me,
783 1430 906 1477 lente
927 1439 1115 1488 natator,
1140 1432 1280 1482 abes?
1567 1441 1635 1490 70
1731 1480 1738 1489 ,

286 1492 379 1543 Est
398 1508 522 1541 mare
546 1492 807 1559 (confiteor)
831 1495 1033 1543 nondum
1055 1496 1285 1546 tractabile
1303 1500 1461 1550 nanti:

352 1557 506 1606 Nocte
527 1560 606 1607 sed
627 1558 835 1607 hesterna
854 1562 999 1609 lenior
1015 1577 1124 1610 aura
1141 1563 1242 1611 fuit.

290 1622 388 1674 Cur
408 1640 462 1672 ea
479 1625 707 1686 praeterita
727 1625 831 1673 est?
851 1642 932 1674 cur
954 1643 1046 1675 non
1067 1637 1259 1677 ventura
1278 1627 1504 1680 timebas?

351 1687 471 1738 Tam
492 1689 610 1738 bona
630 1706 710 1737 cur
730 1692 874 1753 periit,
899 1707 985 1738 nec
1006 1693 1084 1740 tibi
1107 1702 1243 1758 rapta,
1266 1697 1344 1745 via
1360 1695 1465 1746 est?

288 1753 506 1803 Protinus
526 1762 577 1802 ut
598 1755 754 1803 similis
776 1757 906 1804 detur
926 1758 1006 1804 tibi
1028 1760 1157 1822 copia
1178 1760 1368 1821 ουκ-3οη

356 1818 467 1867 Hoc
487 1821 648 1868 melior
668 1818 805 1876 certe,
828 1819 918 1885 qud
939 1823 1073 1885 prior,
1097 1824 1174 1872 illa
1192 1823 1294 1874 fuit.

288 1887 357 1936 At
377 1882 471 1934 cito
490 1893 665 1934 mutata
685 1894 754 1934 est
765 1887 924 1950 jactati
944 1887 1092 1936 forma
1111 1888 1345 1953 profundit

352 1950 590 2015 Tempore,
615 1952 720 2000 cum
740 1968 964 2016 properas,
989 1969 1111 2018 saepe
1132 1956 1307 2005 minore
1325 1958 1471 2007 venis.

290 2014 401 2072 Hic,
421 2024 544 2080 puto,
568 2017 811 2082 deprensus
832 2019 908 2075 nil,
932 2018 1054 2080 quod
1074 2024 1334 2084 querereris,
1356 2023 1543 2076 haberes
1549 2045 1568 2088 ς

355 2081 529 2144 Meque
549 2083 630 2128 tibi
653 2082 858 2146 amplexo
878 2084 1005 2132 nulla
1024 2095 1209 2134 noceret
1227 2086 1389 2137 hiems.
1571 2098 1641 2144 80

291 2142 433 2196 Certe
453 2162 543 2210 ego
562 2156 662 2194 tum
683 2157 843 2196 ventos
864 2150 1063 2198 audirem
1082 2150 1208 2201 lenta
1226 2159 1450 2212 tonantes,

355 2210 425 2260 Et
443 2227 687 2274 numquam
707 2214 902 2276 placidas
922 2222 1024 2263 esse
1042 2232 1250 2279 precarer
1262 2233 1415 2282 aquas.

291 2276 418 2333 Quid
436 2282 590 2325 tamen
611 2279 773 2334 evenit,
797 2295 878 2327 cur
897 2285 960 2327 sis
980 2285 1253 2331 metuentior
1270 2284 1441 2334 undae?

357 2340 740 2406 Contemtumque
758 2346 896 2408 prius,
919 2354 1040 2393 nunc
1061 2363 1258 2405 vereare,
1278 2344 1478 2398 fletum?

290 2404 417 2454 Nam
438 2409 635 2463 memini,
660 2407 763 2456 cum
786 2415 831 2457 te
853 2424 1026 2459 saevum
1047 2414 1259 2462 veniente
1277 2415 1524 2480 minaxque

358 2469 469 2517 Non
490 2470 652 2528 minus,
677 2482 754 2521 aut
769 2473 914 2522 multo
934 2488 1029 2524 non
1050 2475 1213 2534 minus,
1238 2490 1393 2542 aequor
1412 2488 1524 2532 erat·

263 2583 273 2597 Ι
295 2531 417 2584 Οὺηι
438 2536 517 2581 tibi
541 2537 797 2596 clamabam,
823 2540 900 2587 Sic
920 2548 972 2588 tu
993 2542 1254 2591 temerarius
1274 2551 1389 2602 esto,

359 2597 438 2646 Ne
456 2599 633 2647 miserae
654 2603 799 2650 virtus
819 2605 878 2651 sit
897 2611 977 2652 tua
996 2604 1147 2653 flenda
1164 2608 1290 2656 mihi.

296 2660 436 2710 Unde
457 2677 602 2712 novus
622 2666 757 2713 timor
777 2668 886 2715 hic?
919 2667 1097 2733 quoqffi
1116 2671 1193 2721 ina
1212 2672 1397 2721 audacia
1416 2672 1571 2742 sugit?

359 2726 565 2791 Magnus
585 2730 659 2776 ubi
680 2737 751 2779 est
772 2734 933 2796 spretis
955 2734 1031 2784 ille
1051 2741 1228 2786 natator
1247 2737 1407 2801 aquis?
1571 2748 1644 2793 90
