<?xml version="1.0" encoding="UTF-8"?>
<!DOCTYPE html PUBLIC "-//W3C//DTD XHTML 1.0 Transitional//EN"
    "http://www.w3.org/TR/xhtml1/DTD/xhtml1-transitional.dtd">
<html xmlns="http://www.w3.org/1999/xhtml" xml:lang="en" lang="en">
 <head>
  <title>
</title>
<meta http-equiv="Content-Type" content="text/html;charset=utf-8" />
  <meta name='ocr-system' content='tesseract 3.04.00' />
  <meta name='ocr-capabilities' content='ocr_page ocr_carea ocr_par ocr_line ocrx_word'/>
</head>
<body>
  <div class='ocr_page' id='page_1' title='image "./povidiinasoniso00caregoog_0305.png"; bbox 0 0 1867 2942; ppageno 0'>
   <div class='ocr_carea' id='block_1_1' title="bbox 387 163 1478 223">
    <p class='ocr_par' dir='ltr' id='par_1_1' title="bbox 387 163 1478 223">
     <span class='ocr_line' id='line_1_1' title="bbox 387 163 1478 223; baseline 0.004 -6"><span class='ocrx_word' id='word_1_1' title='bbox 387 184 390 191; x_wconf 92' lang='lat'>·</span> <span class='ocrx_word' id='word_1_2' title='bbox 484 164 822 217; x_wconf 69' lang='lat' dir='ltr'>REMEDIA</span> <span class='ocrx_word' id='word_1_3' title='bbox 845 163 1134 223; x_wconf 73' lang='lat' dir='ltr'>AMORIS.</span> <span class='ocrx_word' id='word_1_4' title='bbox 1383 173 1478 221; x_wconf 73' lang='lat'><strong>25⁸</strong></span> 
     </span>
    </p>
   </div>
   <div class='ocr_carea' id='block_1_2' title="bbox 71 295 1561 2836">
    <p class='ocr_par' dir='ltr' id='par_1_2' title="bbox 71 295 1561 2836">
     <span class='ocr_line' id='line_1_2' title="bbox 88 295 1240 363; baseline 0.001 -17"><span class='ocrx_word' id='word_1_5' title='bbox 88 305 92 309; x_wconf 77' lang='grc'><em>’</em></span> <span class='ocrx_word' id='word_1_6' title='bbox 143 295 379 361; x_wconf 59' lang='grc' dir='ltr'><strong>ὃθῲηιιία</strong></span> <span class='ocrx_word' id='word_1_7' title='bbox 398 297 593 346; x_wconf 84' lang='lat' dir='ltr'><strong>delectat</strong></span> <span class='ocrx_word' id='word_1_8' title='bbox 613 297 811 346; x_wconf 87' lang='lat' dir='ltr'><strong>Veneris</strong></span> <span class='ocrx_word' id='word_1_9' title='bbox 831 297 1072 363; x_wconf 78' lang='lat' dir='ltr'>decerpere</span> <span class='ocrx_word' id='word_1_10' title='bbox 1090 298 1240 356; x_wconf 73' lang='lat' dir='ltr'><strong>floms,</strong></span> 
     </span>
     <span class='ocr_line' id='line_1_3' title="bbox 213 360 1242 426; baseline -0.001 -14"><span class='ocrx_word' id='word_1_11' title='bbox 213 362 429 412; x_wconf 88' lang='lat' dir='ltr'><strong>Dicimus</strong></span> <span class='ocrx_word' id='word_1_12' title='bbox 450 360 646 419; x_wconf 71' lang='lat' dir='ltr'><strong>adsidue,</strong></span> <span class='ocrx_word' id='word_1_13' title='bbox 673 362 788 412; x_wconf 82' lang='lat' dir='ltr'>Cras</span> <span class='ocrx_word' id='word_1_14' title='bbox 808 380 988 426; x_wconf 91' lang='lat' dir='ltr'><strong>quoque</strong></span> <span class='ocrx_word' id='word_1_15' title='bbox 1007 364 1088 412; x_wconf 82' lang='lat' dir='ltr'><strong>fiet</strong></span> <span class='ocrx_word' id='word_1_16' title='bbox 1106 365 1242 412; x_wconf 88' lang='lat' dir='ltr'><strong>idem.</strong></span> 
     </span>
     <span class='ocr_line' id='line_1_4' title="bbox 147 426 1224 491; baseline 0.002 -16"><span class='ocrx_word' id='word_1_17' title='bbox 147 426 335 477; x_wconf 77' lang='lat' dir='ltr'><strong>Interea</strong></span> <span class='ocrx_word' id='word_1_18' title='bbox 353 430 503 476; x_wconf 81' lang='lat' dir='ltr'><strong>tacitae</strong></span> <span class='ocrx_word' id='word_1_19' title='bbox 524 436 709 491; x_wconf 85' lang='lat' dir='ltr'><strong>serpunt</strong></span> <span class='ocrx_word' id='word_1_20' title='bbox 731 429 778 475; x_wconf 88' lang='lat' dir='ltr'><strong>in</strong></span> <span class='ocrx_word' id='word_1_21' title='bbox 799 430 976 477; x_wconf 84' lang='lat' dir='ltr'><strong>viscera</strong></span> <span class='ocrx_word' id='word_1_22' title='bbox 994 429 1224 488; x_wconf 79' lang='lat' dir='ltr'><strong>flammae3</strong></span> 
     </span>
     <span class='ocr_line' id='line_1_5' title="bbox 214 492 1049 558; baseline 0.001 -17"><span class='ocrx_word' id='word_1_23' title='bbox 214 493 283 541; x_wconf 81' lang='lat' dir='ltr'><strong>Et</strong></span> <span class='ocrx_word' id='word_1_24' title='bbox 302 495 422 542; x_wconf 83' lang='lat' dir='ltr'><strong>mala</strong></span> <span class='ocrx_word' id='word_1_25' title='bbox 441 495 613 541; x_wconf 77' lang='lat' dir='ltr'>radices</span> <span class='ocrx_word' id='word_1_26' title='bbox 633 492 767 542; x_wconf 73' lang='lat' dir='ltr'><strong>altids</strong></span> <span class='ocrx_word' id='word_1_27' title='bbox 788 496 918 542; x_wconf 88' lang='lat' dir='ltr'><strong>arbor</strong></span> <span class='ocrx_word' id='word_1_28' title='bbox 940 497 1049 558; x_wconf 81' lang='lat' dir='ltr'><strong>agit.</strong></span> 
     </span>
     <span class='ocr_line' id='line_1_6' title="bbox 147 558 1187 623; baseline 0 -16"><span class='ocrx_word' id='word_1_29' title='bbox 147 558 201 607; x_wconf 90' lang='lat' dir='ltr'><strong>Si</strong></span> <span class='ocrx_word' id='word_1_30' title='bbox 222 567 376 617; x_wconf 81' lang='lat' dir='ltr'><strong>tamen</strong></span> <span class='ocrx_word' id='word_1_31' title='bbox 396 560 551 607; x_wconf 84' lang='lat' dir='ltr'>auxilii</span> <span class='ocrx_word' id='word_1_32' title='bbox 570 561 797 622; x_wconf 88' lang='lat' dir='ltr'><strong>perierunt</strong></span> <span class='ocrx_word' id='word_1_33' title='bbox 819 567 1023 623; x_wconf 87' lang='lat' dir='ltr'><strong>tempora</strong></span> <span class='ocrx_word' id='word_1_34' title='bbox 1041 560 1187 623; x_wconf 81' lang='lat' dir='ltr'><strong>primi,</strong></span> 
     </span>
     <span class='ocr_line' id='line_1_7' title="bbox 218 624 1179 688; baseline -0.001 -15"><span class='ocrx_word' id='word_1_35' title='bbox 218 624 286 673; x_wconf 85' lang='lat' dir='ltr'><strong>Et</strong></span> <span class='ocrx_word' id='word_1_36' title='bbox 307 632 438 672; x_wconf 85' lang='lat' dir='ltr'><strong>vetus</strong></span> <span class='ocrx_word' id='word_1_37' title='bbox 457 625 507 671; x_wconf 88' lang='lat' dir='ltr'><strong>in</strong></span> <span class='ocrx_word' id='word_1_38' title='bbox 528 632 659 687; x_wconf 85' lang='lat' dir='ltr'><strong>capto</strong></span> <span class='ocrx_word' id='word_1_39' title='bbox 679 632 862 688; x_wconf 83' lang='lat' dir='ltr'>pectore</span> <span class='ocrx_word' id='word_1_40' title='bbox 883 627 1000 672; x_wconf 89' lang='lat' dir='ltr'><strong>sedit</strong></span> <span class='ocrx_word' id='word_1_41' title='bbox 1020 641 1179 683; x_wconf 88' lang='lat' dir='ltr'><strong>amor;</strong></span> 
     </span>
     <span class='ocr_line' id='line_1_8' title="bbox 154 689 1471 757; baseline 0.002 -19"><span class='ocrx_word' id='word_1_42' title='bbox 154 689 312 754; x_wconf 87' lang='lat' dir='ltr'><strong>Majus</strong></span> <span class='ocrx_word' id='word_1_43' title='bbox 334 706 448 754; x_wconf 83' lang='lat' dir='ltr'><strong>opus</strong></span> <span class='ocrx_word' id='word_1_44' title='bbox 469 697 699 752; x_wconf 78' lang='lat' dir='ltr'><strong>superest:</strong></span> <span class='ocrx_word' id='word_1_45' title='bbox 738 690 820 745; x_wconf 88' lang='lat' dir='ltr'><strong>sed</strong></span> <span class='ocrx_word' id='word_1_46' title='bbox 841 706 948 746; x_wconf 88' lang='lat' dir='ltr'><strong>non,</strong></span> <span class='ocrx_word' id='word_1_47' title='bbox 971 692 1078 752; x_wconf 88' lang='lat' dir='ltr'><strong>quia</strong></span> <span class='ocrx_word' id='word_1_48' title='bbox 1099 691 1240 740; x_wconf 78' lang='lat' dir='ltr'><strong>serior</strong></span> <span class='ocrx_word' id='word_1_49' title='bbox 1260 707 1387 757; x_wconf 83' lang='lat' dir='ltr'><strong>aegro</strong></span> <span class='ocrx_word' id='word_1_50' title='bbox 1466 720 1471 727; x_wconf 93' lang='lat'><strong>·</strong></span> 
     </span>
     <span class='ocr_line' id='line_1_9' title="bbox 221 755 1493 810; baseline 0.003 -7"><span class='ocrx_word' id='word_1_51' title='bbox 221 756 451 810; x_wconf 83' lang='lat' dir='ltr'><strong>Advocor,</strong></span> <span class='ocrx_word' id='word_1_52' title='bbox 474 755 551 802; x_wconf 91' lang='lat' dir='ltr'><strong>ille</strong></span> <span class='ocrx_word' id='word_1_53' title='bbox 571 756 682 802; x_wconf 85' lang='lat' dir='ltr'><strong>mihi</strong></span> <span class='ocrx_word' id='word_1_54' title='bbox 703 755 1021 803; x_wconf 79' lang='lat' dir='ltr'><strong>destituendus</strong></span> <span class='ocrx_word' id='word_1_55' title='bbox 1035 755 1134 804; x_wconf 87' lang='lat' dir='ltr'><strong>erit.</strong></span> <span class='ocrx_word' id='word_1_56' title='bbox 1399 762 1493 808; x_wconf 86' lang='lat'><strong>110</strong></span> 
     </span>
     <span class='ocr_line' id='line_1_10' title="bbox 156 819 1251 882; baseline 0 -13"><span class='ocrx_word' id='word_1_57' title='bbox 156 821 311 877; x_wconf 78' lang='lat' dir='ltr'><strong>Quam</strong></span> <span class='ocrx_word' id='word_1_58' title='bbox 331 821 471 870; x_wconf 73' lang='lat' dir='ltr'><strong>laesus</strong></span> <span class='ocrx_word' id='word_1_59' title='bbox 489 820 637 868; x_wconf 82' lang='lat' dir='ltr'><strong>fuerat</strong></span> <span class='ocrx_word' id='word_1_60' title='bbox 653 826 827 882; x_wconf 89' lang='lat' dir='ltr'><strong>partem</strong></span> <span class='ocrx_word' id='word_1_61' title='bbox 851 819 1087 868; x_wconf 70' lang='lat' dir='ltr'><strong>Poeantius</strong></span> <span class='ocrx_word' id='word_1_62' title='bbox 1106 822 1251 878; x_wconf 85' lang='lat' dir='ltr'><strong>heros,</strong></span> 
     </span>
     <span class='ocr_line' id='line_1_11' title="bbox 204 884 1461 947; baseline -0.002 -12"><span class='ocrx_word' id='word_1_63' title='bbox 204 919 206 922; x_wconf 57' lang='lat'>&lt;</span> <span class='ocrx_word' id='word_1_64' title='bbox 229 884 370 935; x_wconf 65' lang='lat' dir='ltr'><strong>Certa</strong></span> <span class='ocrx_word' id='word_1_65' title='bbox 390 887 602 933; x_wconf 78' lang='lat' dir='ltr'><strong>debuerat</strong></span> <span class='ocrx_word' id='word_1_66' title='bbox 621 887 912 947; x_wconf 66' lang='lat' dir='ltr'><strong>praesecuisse</strong></span> <span class='ocrx_word' id='word_1_67' title='bbox 933 901 1084 933; x_wconf 86' lang='lat' dir='ltr'><strong>manu.</strong></span> <span class='ocrx_word' id='word_1_68' title='bbox 1451 938 1461 947; x_wconf 26' lang='grc' dir='ltr'>κ</span> 
     </span>
     <span class='ocr_line' id='line_1_12' title="bbox 162 948 1427 1003; baseline 0.001 -3"><span class='ocrx_word' id='word_1_69' title='bbox 162 951 279 1003; x_wconf 83' lang='lat' dir='ltr'><strong>Post</strong></span> <span class='ocrx_word' id='word_1_70' title='bbox 299 959 452 1000; x_wconf 85' lang='lat' dir='ltr'><strong>tamen</strong></span> <span class='ocrx_word' id='word_1_71' title='bbox 474 952 547 998; x_wconf 86' lang='lat' dir='ltr'><strong>bic</strong></span> <span class='ocrx_word' id='word_1_72' title='bbox 568 952 737 998; x_wconf 88' lang='lat' dir='ltr'><strong>multos</strong></span> <span class='ocrx_word' id='word_1_73' title='bbox 757 957 941 998; x_wconf 85' lang='lat' dir='ltr'><strong>sanatus</strong></span> <span class='ocrx_word' id='word_1_74' title='bbox 962 948 1157 998; x_wconf 88' lang='lat' dir='ltr'><strong>creditur</strong></span> <span class='ocrx_word' id='word_1_75' title='bbox 1178 967 1322 1001; x_wconf 87' lang='lat' dir='ltr'><strong>annos</strong></span> <span class='ocrx_word' id='word_1_76' title='bbox 1423 984 1427 988; x_wconf 62' lang='lat'>&gt;</span> 
     </span>
     <span class='ocr_line' id='line_1_13' title="bbox 231 1016 1153 1079; baseline -0.001 -14"><span class='ocrx_word' id='word_1_77' title='bbox 231 1017 497 1079; x_wconf 80' lang='lat' dir='ltr'><strong>Supremam</strong></span> <span class='ocrx_word' id='word_1_78' title='bbox 518 1016 647 1063; x_wconf 88' lang='lat' dir='ltr'><strong>bellis</strong></span> <span class='ocrx_word' id='word_1_79' title='bbox 667 1017 935 1078; x_wconf 73' lang='lat' dir='ltr'><strong>imposuisse</strong></span> <span class='ocrx_word' id='word_1_80' title='bbox 954 1031 1153 1065; x_wconf 88' lang='lat' dir='ltr'><strong>manum.</strong></span> 
     </span>
     <span class='ocr_line' id='line_1_14' title="bbox 165 1079 1388 1145; baseline 0.002 -16"><span class='ocrx_word' id='word_1_81' title='bbox 165 1082 262 1139; x_wconf 75' lang='lat' dir='ltr'><strong>Qui</strong></span> <span class='ocrx_word' id='word_1_82' title='bbox 282 1079 419 1130; x_wconf 69' lang='lat' dir='ltr'><strong>modo</strong></span> <span class='ocrx_word' id='word_1_83' title='bbox 441 1090 677 1129; x_wconf 89' lang='lat' dir='ltr'><strong>nascentes</strong></span> <span class='ocrx_word' id='word_1_84' title='bbox 694 1083 986 1145; x_wconf 77' lang='lat' dir='ltr'><strong>properabam</strong></span> <span class='ocrx_word' id='word_1_85' title='bbox 1005 1082 1173 1145; x_wconf 83' lang='lat' dir='ltr'><strong>pellere</strong></span> <span class='ocrx_word' id='word_1_86' title='bbox 1192 1083 1388 1141; x_wconf 78' lang='lat' dir='ltr'><strong>morbos,</strong></span> 
     </span>
     <span class='ocr_line' id='line_1_15' title="bbox 185 1147 1253 1210; baseline 0 -14"><span class='ocrx_word' id='word_1_87' title='bbox 185 1198 190 1205; x_wconf 53' lang='grc'><strong>,</strong></span> <span class='ocrx_word' id='word_1_88' title='bbox 231 1149 476 1205; x_wconf 82' lang='lat' dir='ltr'><strong>Admoveo</strong></span> <span class='ocrx_word' id='word_1_89' title='bbox 496 1147 670 1194; x_wconf 85' lang='lat' dir='ltr'><strong>tardam</strong></span> <span class='ocrx_word' id='word_1_90' title='bbox 688 1158 813 1205; x_wconf 24' lang='lat' dir='ltr'><strong>&#39;nunc</strong></span> <span class='ocrx_word' id='word_1_91' title='bbox 833 1148 913 1194; x_wconf 87' lang='lat' dir='ltr'><strong>tibi</strong></span> <span class='ocrx_word' id='word_1_92' title='bbox 932 1148 1085 1195; x_wconf 87' lang='lat' dir='ltr'><strong>lentus</strong></span> <span class='ocrx_word' id='word_1_93' title='bbox 1107 1163 1253 1210; x_wconf 87' lang='lat' dir='ltr'><strong>opem.</strong></span> 
     </span>
     <span class='ocr_line' id='line_1_16' title="bbox 169 1213 1271 1275; baseline -0.001 -13"><span class='ocrx_word' id='word_1_94' title='bbox 169 1214 271 1262; x_wconf 81' lang='lat' dir='ltr'><strong>Au&#39;t</strong></span> <span class='ocrx_word' id='word_1_95' title='bbox 290 1229 424 1269; x_wconf 82' lang='lat' dir='ltr'><strong>nova,</strong></span> <span class='ocrx_word' id='word_1_96' title='bbox 447 1213 486 1260; x_wconf 90' lang='lat' dir='ltr'><strong>si</strong></span> <span class='ocrx_word' id='word_1_97' title='bbox 505 1213 665 1275; x_wconf 86' lang='lat' dir='ltr'><strong>possis,</strong></span> <span class='ocrx_word' id='word_1_98' title='bbox 688 1213 844 1260; x_wconf 85' lang='lat' dir='ltr'><strong>sedare</strong></span> <span class='ocrx_word' id='word_1_99' title='bbox 864 1213 1073 1260; x_wconf 84' lang='lat' dir='ltr'><strong>incendia</strong></span> <span class='ocrx_word' id='word_1_100' title='bbox 1092 1220 1271 1261; x_wconf 83' lang='lat' dir='ltr'><strong>tentes:</strong></span> 
     </span>
     <span class='ocr_line' id='line_1_17' title="bbox 127 1279 1110 1341; baseline 0 -15"><span class='ocrx_word' id='word_1_101' title='bbox 127 1282 144 1319; x_wconf 72' lang='lat' dir='ltr'><strong><em>J</em></strong></span> <span class='ocrx_word' id='word_1_102' title='bbox 238 1279 337 1326; x_wconf 90' lang='lat' dir='ltr'><strong>Aut</strong></span> <span class='ocrx_word' id='word_1_103' title='bbox 359 1279 434 1325; x_wconf 89' lang='lat' dir='ltr'><strong>ubi</strong></span> <span class='ocrx_word' id='word_1_104' title='bbox 454 1294 534 1341; x_wconf 87' lang='lat' dir='ltr'><strong>per</strong></span> <span class='ocrx_word' id='word_1_105' title='bbox 553 1279 674 1326; x_wconf 82' lang='lat' dir='ltr'><strong>vires</strong></span> <span class='ocrx_word' id='word_1_106' title='bbox 691 1279 970 1341; x_wconf 88' lang='lat' dir='ltr'><strong>procubuere</strong></span> <span class='ocrx_word' id='word_1_107' title='bbox 992 1294 1110 1326; x_wconf 89' lang='lat' dir='ltr'><strong>suas.</strong></span> 
     </span>
     <span class='ocr_line' id='line_1_18' title="bbox 109 1341 1310 1405; baseline -0.002 -11"><span class='ocrx_word' id='word_1_108' title='bbox 109 1345 114 1351; x_wconf 86' lang='lat'><em>&#39;</em></span> <span class='ocrx_word' id='word_1_109' title='bbox 172 1342 298 1394; x_wconf 64' lang='lat' dir='ltr'><strong>cum</strong></span> <span class='ocrx_word' id='word_1_110' title='bbox 317 1344 445 1393; x_wconf 72' lang='lat' dir='ltr'><strong>fiiror</strong></span> <span class='ocrx_word' id='word_1_111' title='bbox 465 1344 513 1405; x_wconf 77' lang='lat' dir='ltr'><strong>in</strong></span> <span class='ocrx_word' id='word_1_112' title='bbox 534 1359 668 1392; x_wconf 85' lang='lat' dir='ltr'><strong>cursu</strong></span> <span class='ocrx_word' id='word_1_113' title='bbox 690 1350 772 1400; x_wconf 85' lang='lat' dir='ltr'><strong>est,</strong></span> <span class='ocrx_word' id='word_1_114' title='bbox 807 1344 1005 1391; x_wconf 89' lang='lat' dir='ltr'><strong>currenti</strong></span> <span class='ocrx_word' id='word_1_115' title='bbox 1026 1344 1138 1392; x_wconf 86' lang='lat' dir='ltr'><strong>cede</strong></span> <span class='ocrx_word' id='word_1_116' title='bbox 1154 1341 1310 1392; x_wconf 83' lang='lat' dir='ltr'><strong>furori.</strong></span> 
     </span>
     <span class='ocr_line' id='line_1_19' title="bbox 71 1408 1513 1473; baseline 0.003 -17"><span class='ocrx_word' id='word_1_117' title='bbox 71 1458 79 1467; x_wconf 68' lang='lat'><em>,</em></span> <span class='ocrx_word' id='word_1_118' title='bbox 241 1409 468 1457; x_wconf 85' lang='lat' dir='ltr'><strong>Difficiles</strong></span> <span class='ocrx_word' id='word_1_119' title='bbox 489 1409 636 1456; x_wconf 87' lang='lat' dir='ltr'><strong>aditus</strong></span> <span class='ocrx_word' id='word_1_120' title='bbox 656 1411 852 1471; x_wconf 88' lang='lat' dir='ltr'><strong>impetus</strong></span> <span class='ocrx_word' id='word_1_121' title='bbox 874 1408 1022 1457; x_wconf 83' lang='lat' dir='ltr'><strong>omnis</strong></span> <span class='ocrx_word' id='word_1_122' title='bbox 1045 1411 1190 1457; x_wconf 89' lang='lat' dir='ltr'><strong>habet.</strong></span> <span class='ocrx_word' id='word_1_123' title='bbox 1415 1416 1513 1473; x_wconf 70' lang='lat' dir='ltr'><strong>leo</strong></span> 
     </span>
     <span class='ocr_line' id='line_1_20' title="bbox 156 1472 1342 1538; baseline 0.001 -14"><span class='ocrx_word' id='word_1_124' title='bbox 156 1475 369 1531; x_wconf 69' lang='lat' dir='ltr'><strong>stultus,</strong></span> <span class='ocrx_word' id='word_1_125' title='bbox 392 1475 447 1526; x_wconf 87' lang='lat' dir='ltr'><strong>ab</strong></span> <span class='ocrx_word' id='word_1_126' title='bbox 467 1474 646 1537; x_wconf 72' lang='lat' dir='ltr'><strong>obliquo</strong></span> <span class='ocrx_word' id='word_1_127' title='bbox 667 1477 744 1537; x_wconf 85' lang='lat' dir='ltr'><strong>qui</strong></span> <span class='ocrx_word' id='word_1_128' title='bbox 766 1472 871 1522; x_wconf 70' lang='lat' dir='ltr'><strong>edm</strong></span> <span class='ocrx_word' id='word_1_129' title='bbox 893 1472 1169 1525; x_wconf 74' lang='lat' dir='ltr'><strong>descendere</strong></span> <span class='ocrx_word' id='word_1_130' title='bbox 1186 1475 1342 1538; x_wconf 84' lang='lat' dir='ltr'><strong>possit,</strong></span> 
     </span>
     <span class='ocr_line' id='line_1_21' title="bbox 243 1539 1343 1603; baseline 0 -15"><span class='ocrx_word' id='word_1_131' title='bbox 243 1539 430 1603; x_wconf 81' lang='lat' dir='ltr'><strong>Pugnat</strong></span> <span class='ocrx_word' id='word_1_132' title='bbox 449 1541 496 1587; x_wconf 87' lang='lat' dir='ltr'><strong>in</strong></span> <span class='ocrx_word' id='word_1_133' title='bbox 518 1541 730 1588; x_wconf 87' lang='lat' dir='ltr'><strong>adversas</strong></span> <span class='ocrx_word' id='word_1_134' title='bbox 747 1541 816 1587; x_wconf 89' lang='lat' dir='ltr'><strong>ire</strong></span> <span class='ocrx_word' id='word_1_135' title='bbox 837 1540 1015 1587; x_wconf 81' lang='lat' dir='ltr'><strong>natator</strong></span> <span class='ocrx_word' id='word_1_136' title='bbox 1035 1555 1187 1602; x_wconf 84' lang='lat' dir='ltr'><strong>aquas.</strong></span> <span class='ocrx_word' id='word_1_137' title='bbox 1339 1576 1343 1580; x_wconf 85' lang='lat'><em>-</em></span> 
     </span>
     <span class='ocr_line' id='line_1_22' title="bbox 177 1605 1306 1669; baseline -0.002 -14"><span class='ocrx_word' id='word_1_138' title='bbox 177 1606 430 1669; x_wconf 85' lang='lat' dir='ltr'><strong>Impatiens</strong></span> <span class='ocrx_word' id='word_1_139' title='bbox 450 1606 639 1661; x_wconf 86' lang='lat' dir='ltr'><strong>animus,</strong></span> <span class='ocrx_word' id='word_1_140' title='bbox 660 1620 747 1652; x_wconf 88' lang='lat' dir='ltr'><strong>nec</strong></span> <span class='ocrx_word' id='word_1_141' title='bbox 766 1605 912 1651; x_wconf 84' lang='lat' dir='ltr'><strong>adhuc</strong></span> <span class='ocrx_word' id='word_1_142' title='bbox 932 1605 1177 1653; x_wconf 83' lang='lat' dir='ltr'><strong>tractabilis</strong></span> <span class='ocrx_word' id='word_1_143' title='bbox 1195 1614 1306 1663; x_wconf 83' lang='lat' dir='ltr'><strong>arte,</strong></span> 
     </span>
     <span class='ocr_line' id='line_1_23' title="bbox 247 1670 1310 1732; baseline -0.001 -13"><span class='ocrx_word' id='word_1_144' title='bbox 247 1671 613 1732; x_wconf 54' lang='lat' dir='ltr'><strong>Respuinatque</strong></span> <span class='ocrx_word' id='word_1_145' title='bbox 635 1670 739 1715; x_wconf 90' lang='lat' dir='ltr'><strong>odio</strong></span> <span class='ocrx_word' id='word_1_146' title='bbox 758 1671 897 1716; x_wconf 82' lang='lat' dir='ltr'><strong>verba</strong></span> <span class='ocrx_word' id='word_1_147' title='bbox 915 1670 1142 1717; x_wconf 88' lang='lat' dir='ltr'><strong>monentis</strong></span> <span class='ocrx_word' id='word_1_148' title='bbox 1163 1670 1310 1718; x_wconf 82' lang='lat' dir='ltr'><strong>habet.</strong></span> 
     </span>
     <span class='ocr_line' id='line_1_24' title="bbox 181 1731 1446 1799; baseline 0 -17"><span class='ocrx_word' id='word_1_149' title='bbox 181 1735 440 1799; x_wconf 79' lang='lat' dir='ltr'><strong>Adgrediar</strong></span> <span class='ocrx_word' id='word_1_150' title='bbox 459 1731 621 1780; x_wconf 71' lang='lat' dir='ltr'><strong>melida</strong></span> <span class='ocrx_word' id='word_1_151' title='bbox 642 1741 765 1788; x_wconf 88' lang='lat' dir='ltr'><strong>tunc,</strong></span> <span class='ocrx_word' id='word_1_152' title='bbox 787 1739 893 1780; x_wconf 65' lang='lat' dir='ltr'><strong>cnm</strong></span> <span class='ocrx_word' id='word_1_153' title='bbox 918 1749 1000 1781; x_wconf 86' lang='lat' dir='ltr'><strong>sua</strong></span> <span class='ocrx_word' id='word_1_154' title='bbox 1020 1733 1209 1782; x_wconf 85' lang='lat' dir='ltr'><strong>vulnera</strong></span> <span class='ocrx_word' id='word_1_155' title='bbox 1227 1736 1357 1799; x_wconf 78' lang='lat' dir='ltr'><strong>tangi</strong></span> <span class='ocrx_word' id='word_1_156' title='bbox 1440 1748 1446 1753; x_wconf 82' lang='grc'><em>·</em></span> 
     </span>
     <span class='ocr_line' id='line_1_25' title="bbox 247 1797 1200 1862; baseline -0.003 -13"><span class='ocrx_word' id='word_1_157' title='bbox 247 1801 356 1852; x_wconf 81' lang='lat' dir='ltr'><strong>Jani</strong></span> <span class='ocrx_word' id='word_1_158' title='bbox 378 1801 509 1854; x_wconf 89' lang='lat' dir='ltr'><strong>sinet,</strong></span> <span class='ocrx_word' id='word_1_159' title='bbox 533 1806 580 1846; x_wconf 89' lang='lat' dir='ltr'><strong>et</strong></span> <span class='ocrx_word' id='word_1_160' title='bbox 600 1799 720 1846; x_wconf 79' lang='lat' dir='ltr'><strong>veris</strong></span> <span class='ocrx_word' id='word_1_161' title='bbox 740 1798 926 1845; x_wconf 79' lang='lat' dir='ltr'><strong>vocibus</strong></span> <span class='ocrx_word' id='word_1_162' title='bbox 950 1797 1080 1862; x_wconf 79' lang='lat' dir='ltr'><strong>aptus</strong></span> <span class='ocrx_word' id='word_1_163' title='bbox 1101 1799 1200 1846; x_wconf 85' lang='lat' dir='ltr'><strong>erit.</strong></span> 
     </span>
     <span class='ocr_line' id='line_1_26' title="bbox 188 1864 1366 1926; baseline -0.002 -11"><span class='ocrx_word' id='word_1_164' title='bbox 188 1868 309 1925; x_wconf 79' lang='lat' dir='ltr'><strong>Quis</strong></span> <span class='ocrx_word' id='word_1_165' title='bbox 330 1872 536 1923; x_wconf 74' lang='lat' dir='ltr'><strong>matrem,</strong></span> <span class='ocrx_word' id='word_1_166' title='bbox 559 1864 647 1911; x_wconf 86' lang='lat' dir='ltr'><strong>nisi</strong></span> <span class='ocrx_word' id='word_1_167' title='bbox 667 1865 835 1911; x_wconf 86' lang='lat' dir='ltr'><strong>mentis</strong></span> <span class='ocrx_word' id='word_1_168' title='bbox 856 1864 999 1926; x_wconf 89' lang='lat' dir='ltr'><strong>inops,</strong></span> <span class='ocrx_word' id='word_1_169' title='bbox 1022 1864 1070 1911; x_wconf 87' lang='lat' dir='ltr'><strong>in</strong></span> <span class='ocrx_word' id='word_1_170' title='bbox 1090 1864 1250 1913; x_wconf 84' lang='lat' dir='ltr'><strong>funere</strong></span> <span class='ocrx_word' id='word_1_171' title='bbox 1271 1865 1366 1913; x_wconf 83' lang='lat' dir='ltr'><strong>nati</strong></span> 
     </span>
     <span class='ocr_line' id='line_1_27' title="bbox 253 1927 1303 1981; baseline -0.005 0"><span class='ocrx_word' id='word_1_172' title='bbox 253 1932 389 1981; x_wconf 84' lang='lat' dir='ltr'><strong>Flere</strong></span> <span class='ocrx_word' id='word_1_173' title='bbox 408 1937 534 1978; x_wconf 80' lang='lat' dir='ltr'><strong>vetet</strong></span> <span class='ocrx_word' id='word_1_174' title='bbox 547 1929 570 1975; x_wconf 77' lang='lat'>?</span> <span class='ocrx_word' id='word_1_175' title='bbox 603 1944 697 1977; x_wconf 89' lang='lat' dir='ltr'><strong>non</strong></span> <span class='ocrx_word' id='word_1_176' title='bbox 719 1930 806 1976; x_wconf 87' lang='lat' dir='ltr'><strong>hoc</strong></span> <span class='ocrx_word' id='word_1_177' title='bbox 825 1929 903 1977; x_wconf 89' lang='lat' dir='ltr'><strong>illa</strong></span> <span class='ocrx_word' id='word_1_178' title='bbox 923 1930 1151 1977; x_wconf 87' lang='lat' dir='ltr'><strong>monenda</strong></span> <span class='ocrx_word' id='word_1_179' title='bbox 1167 1927 1303 1977; x_wconf 74' lang='lat' dir='ltr'><strong>loco.‘</strong></span> 
     </span>
     <span class='ocr_line' id='line_1_28' title="bbox 192 1994 1530 2062; baseline 0 -16"><span class='ocrx_word' id='word_1_180' title='bbox 192 1998 318 2050; x_wconf 71' lang='lat' dir='ltr'><strong>Cbm</strong></span> <span class='ocrx_word' id='word_1_181' title='bbox 332 1996 505 2044; x_wconf 84' lang='lat' dir='ltr'><strong>dederit</strong></span> <span class='ocrx_word' id='word_1_182' title='bbox 517 1995 739 2052; x_wconf 80' lang='lat' dir='ltr'><strong>lacrimas,</strong></span> <span class='ocrx_word' id='word_1_183' title='bbox 763 1994 1052 2057; x_wconf 88' lang='lat' dir='ltr'><strong>animumque</strong></span> <span class='ocrx_word' id='word_1_184' title='bbox 1066 1994 1316 2058; x_wconf 81' lang='lat' dir='ltr'><strong>expleverit</strong></span> <span class='ocrx_word' id='word_1_185' title='bbox 1328 2011 1530 2062; x_wconf 78' lang='lat' dir='ltr'><strong>aegrum3</strong></span> 
     </span>
     <span class='ocr_line' id='line_1_29' title="bbox 261 2058 1535 2111; baseline -0.003 -1"><span class='ocrx_word' id='word_1_186' title='bbox 261 2062 351 2110; x_wconf 89' lang='lat' dir='ltr'><strong>Ille</strong></span> <span class='ocrx_word' id='word_1_187' title='bbox 371 2061 502 2110; x_wconf 81' lang='lat' dir='ltr'><strong>dolor</strong></span> <span class='ocrx_word' id='word_1_188' title='bbox 520 2062 669 2109; x_wconf 79' lang='lat' dir='ltr'><strong>verbis</strong></span> <span class='ocrx_word' id='word_1_189' title='bbox 689 2061 1017 2109; x_wconf 86' lang='lat' dir='ltr'><strong>emoderandus</strong></span> <span class='ocrx_word' id='word_1_190' title='bbox 1037 2062 1137 2108; x_wconf 85' lang='lat' dir='ltr'><strong>erit.</strong></span> <span class='ocrx_word' id='word_1_191' title='bbox 1388 2058 1409 2083; x_wconf 59' lang='lat'><em>⁴</em></span> <span class='ocrx_word' id='word_1_192' title='bbox 1437 2067 1535 2111; x_wconf 79' lang='grc'><strong>150</strong></span> 
     </span>
     <span class='ocr_line' id='line_1_30' title="bbox 193 2122 1535 2192; baseline -0.001 -13"><span class='ocrx_word' id='word_1_193' title='bbox 193 2128 438 2192; x_wconf 77' lang='lat' dir='ltr'><strong>Temporis</strong></span> <span class='ocrx_word' id='word_1_194' title='bbox 447 2127 755 2179; x_wconf 78' lang='lat' dir='ltr'><strong>arsmedicina</strong></span> <span class='ocrx_word' id='word_1_195' title='bbox 764 2122 863 2174; x_wconf 66' lang='lat' dir='ltr'><strong>fere</strong></span> <span class='ocrx_word' id='word_1_196' title='bbox 873 2134 958 2175; x_wconf 81' lang='lat' dir='ltr'><strong>est.</strong></span> <span class='ocrx_word' id='word_1_197' title='bbox 975 2124 1102 2174; x_wconf 87' lang='lat' dir='ltr'><strong>Data</strong></span> <span class='ocrx_word' id='word_1_198' title='bbox 1115 2133 1320 2190; x_wconf 83' lang='lat' dir='ltr'><strong>tempora</strong></span> <span class='ocrx_word' id='word_1_199' title='bbox 1329 2135 1535 2192; x_wconf 78' lang='lat' dir='ltr'><strong>prosunt,</strong></span> 
     </span>
     <span class='ocr_line' id='line_1_31' title="bbox 263 2191 1253 2257; baseline -0.002 -15"><span class='ocrx_word' id='word_1_200' title='bbox 263 2193 332 2242; x_wconf 87' lang='lat' dir='ltr'><strong>Et</strong></span> <span class='ocrx_word' id='word_1_201' title='bbox 353 2193 458 2241; x_wconf 83' lang='lat' dir='ltr'><strong>data</strong></span> <span class='ocrx_word' id='word_1_202' title='bbox 477 2209 570 2240; x_wconf 91' lang='lat' dir='ltr'><strong>non</strong></span> <span class='ocrx_word' id='word_1_203' title='bbox 592 2200 697 2257; x_wconf 82' lang='lat' dir='ltr'><strong>apto</strong></span> <span class='ocrx_word' id='word_1_204' title='bbox 718 2200 923 2256; x_wconf 85' lang='lat' dir='ltr'><strong>tempore</strong></span> <span class='ocrx_word' id='word_1_205' title='bbox 943 2191 1050 2240; x_wconf 77' lang='lat' dir='ltr'><strong>vina</strong></span> <span class='ocrx_word' id='word_1_206' title='bbox 1071 2200 1253 2247; x_wconf 82' lang='lat' dir='ltr'><strong>nocent.</strong></span> 
     </span>
     <span class='ocr_line' id='line_1_32' title="bbox 101 2257 1384 2321; baseline 0 -14"><span class='ocrx_word' id='word_1_207' title='bbox 101 2266 113 2291; x_wconf 86' lang='lat'><strong>¹</strong></span> <span class='ocrx_word' id='word_1_208' title='bbox 200 2259 331 2317; x_wconf 74' lang='lat' dir='ltr'><strong>Quin</strong></span> <span class='ocrx_word' id='word_1_209' title='bbox 351 2259 489 2306; x_wconf 82' lang='lat' dir='ltr'><strong>etiam</strong></span> <span class='ocrx_word' id='word_1_210' title='bbox 511 2260 730 2308; x_wconf 85' lang='lat' dir='ltr'><strong>accendas</strong></span> <span class='ocrx_word' id='word_1_211' title='bbox 751 2259 873 2315; x_wconf 75' lang='lat' dir='ltr'><strong>vitia,</strong></span> <span class='ocrx_word' id='word_1_212' title='bbox 897 2259 1134 2321; x_wconf 86' lang='lat' dir='ltr'><strong>irritesque</strong></span> <span class='ocrx_word' id='word_1_213' title='bbox 1154 2257 1384 2318; x_wconf 83' lang='lat' dir='ltr'><strong>vetando;</strong></span> 
     </span>
     <span class='ocr_line' id='line_1_33' title="bbox 267 2323 1159 2388; baseline -0.001 -16"><span class='ocrx_word' id='word_1_214' title='bbox 267 2323 568 2386; x_wconf 85' lang='lat' dir='ltr'><strong>Temporibus</strong></span> <span class='ocrx_word' id='word_1_215' title='bbox 589 2326 627 2372; x_wconf 91' lang='lat' dir='ltr'><strong>si</strong></span> <span class='ocrx_word' id='word_1_216' title='bbox 650 2340 743 2372; x_wconf 87' lang='lat' dir='ltr'><strong>non</strong></span> <span class='ocrx_word' id='word_1_217' title='bbox 764 2325 1029 2388; x_wconf 81' lang='lat' dir='ltr'><strong>adgrediare</strong></span> <span class='ocrx_word' id='word_1_218' title='bbox 1051 2324 1159 2371; x_wconf 84' lang='lat' dir='ltr'><strong>suis.</strong></span> 
     </span>
     <span class='ocr_line' id='line_1_34' title="bbox 101 2389 1316 2453; baseline 0.002 -20"><span class='ocrx_word' id='word_1_219' title='bbox 101 2424 108 2433; x_wconf 92' lang='lat'><strong>.</strong></span> <span class='ocrx_word' id='word_1_220' title='bbox 201 2391 352 2453; x_wconf 79' lang='lat' dir='ltr'><strong>Ergo,</strong></span> <span class='ocrx_word' id='word_1_221' title='bbox 375 2389 451 2436; x_wconf 89' lang='lat' dir='ltr'><strong>ubi</strong></span> <span class='ocrx_word' id='word_1_222' title='bbox 472 2390 597 2437; x_wconf 85' lang='lat' dir='ltr'><strong>visus</strong></span> <span class='ocrx_word' id='word_1_223' title='bbox 618 2391 707 2437; x_wconf 88' lang='lat' dir='ltr'><strong>eris</strong></span> <span class='ocrx_word' id='word_1_224' title='bbox 730 2397 900 2439; x_wconf 83' lang='lat' dir='ltr'><strong>nostrae</strong></span> <span class='ocrx_word' id='word_1_225' title='bbox 919 2389 1194 2437; x_wconf 84' lang='lat' dir='ltr'><strong>medicabilis</strong></span> <span class='ocrx_word' id='word_1_226' title='bbox 1215 2390 1316 2447; x_wconf 84' lang='lat' dir='ltr'><strong>arti,</strong></span> 
     </span>
     <span class='ocr_line' id='line_1_35' title="bbox 272 2451 1175 2517; baseline -0.001 -14"><span class='ocrx_word' id='word_1_227' title='bbox 272 2455 369 2503; x_wconf 84' lang='lat' dir='ltr'><strong>Fae</strong></span> <span class='ocrx_word' id='word_1_228' title='bbox 390 2451 575 2501; x_wconf 86' lang='lat' dir='ltr'><strong>monitis</strong></span> <span class='ocrx_word' id='word_1_229' title='bbox 594 2452 746 2517; x_wconf 81' lang='lat' dir='ltr'><strong>fugias</strong></span> <span class='ocrx_word' id='word_1_230' title='bbox 767 2456 860 2503; x_wconf 90' lang='lat' dir='ltr'><strong>otia</strong></span> <span class='ocrx_word' id='word_1_231' title='bbox 879 2455 1025 2517; x_wconf 88' lang='lat' dir='ltr'><strong>prima</strong></span> <span class='ocrx_word' id='word_1_232' title='bbox 1045 2455 1175 2502; x_wconf 85' lang='lat' dir='ltr'><strong>meis.</strong></span> 
     </span>
     <span class='ocr_line' id='line_1_36' title="bbox 206 2510 1454 2578; baseline 0.001 -8"><span class='ocrx_word' id='word_1_233' title='bbox 206 2520 349 2577; x_wconf 55' lang='lat' dir='ltr'><strong>Haec,</strong></span> <span class='ocrx_word' id='word_1_234' title='bbox 371 2526 424 2571; x_wconf 84' lang='lat' dir='ltr'><strong>ut</strong></span> <span class='ocrx_word' id='word_1_235' title='bbox 444 2535 583 2576; x_wconf 87' lang='lat' dir='ltr'><strong>ames,</strong></span> <span class='ocrx_word' id='word_1_236' title='bbox 600 2510 806 2567; x_wconf 63' lang='lat' dir='ltr'><strong>iaciunt:</strong></span> <span class='ocrx_word' id='word_1_237' title='bbox 845 2522 959 2576; x_wconf 88' lang='lat' dir='ltr'><strong>haec,</strong></span> <span class='ocrx_word' id='word_1_238' title='bbox 982 2527 1035 2567; x_wconf 94' lang='lat' dir='ltr'><strong>ut</strong></span> <span class='ocrx_word' id='word_1_239' title='bbox 1053 2520 1217 2578; x_wconf 78' lang='lat' dir='ltr'><strong>fecere,</strong></span> <span class='ocrx_word' id='word_1_240' title='bbox 1241 2527 1454 2571; x_wconf 69' lang='lat' dir='ltr'><strong>tuentur-2</strong></span> 
     </span>
     <span class='ocr_line' id='line_1_37' title="bbox 275 2585 1405 2650; baseline 0.003 -16"><span class='ocrx_word' id='word_1_241' title='bbox 275 2585 400 2644; x_wconf 62' lang='lat' dir='ltr'><strong>Haec</strong></span> <span class='ocrx_word' id='word_1_242' title='bbox 423 2592 531 2633; x_wconf 81' lang='lat' dir='ltr'><strong>sunt</strong></span> <span class='ocrx_word' id='word_1_243' title='bbox 540 2585 732 2650; x_wconf 85' lang='lat' dir='ltr'><strong>jucundi</strong></span> <span class='ocrx_word' id='word_1_244' title='bbox 753 2600 913 2633; x_wconf 78' lang='lat' dir='ltr'><strong>caussa</strong></span> <span class='ocrx_word' id='word_1_245' title='bbox 932 2587 1148 2648; x_wconf 81' lang='lat' dir='ltr'><strong>cibusque</strong></span> <span class='ocrx_word' id='word_1_246' title='bbox 1167 2585 1290 2649; x_wconf 63' lang='lat' dir='ltr'><strong>mali·</strong></span> <span class='ocrx_word' id='word_1_247' title='bbox 1352 2609 1359 2615; x_wconf 91' lang='lat'><strong>·</strong></span> <span class='ocrx_word' id='word_1_248' title='bbox 1402 2616 1405 2619; x_wconf 35' lang='lat'>¹</span> 
     </span>
     <span class='ocr_line' id='line_1_38' title="bbox 210 2649 1350 2714; baseline -0.003 -13"><span class='ocrx_word' id='word_1_249' title='bbox 210 2652 325 2701; x_wconf 77' lang='lat' dir='ltr'><strong>otia</strong></span> <span class='ocrx_word' id='word_1_250' title='bbox 344 2652 384 2698; x_wconf 83' lang='lat' dir='ltr'><strong>si</strong></span> <span class='ocrx_word' id='word_1_251' title='bbox 404 2651 551 2708; x_wconf 72' lang='lat' dir='ltr'><strong>tonas,</strong></span> <span class='ocrx_word' id='word_1_252' title='bbox 574 2652 747 2714; x_wconf 87' lang='lat' dir='ltr'><strong>periere</strong></span> <span class='ocrx_word' id='word_1_253' title='bbox 770 2649 1009 2714; x_wconf 87' lang='lat' dir='ltr'><strong>Cupidinis</strong></span> <span class='ocrx_word' id='word_1_254' title='bbox 1029 2668 1174 2706; x_wconf 80' lang='lat' dir='ltr'><strong>arcus,</strong></span> <span class='ocrx_word' id='word_1_255' title='bbox 1345 2684 1350 2691; x_wconf 82' lang='lat'><em>·</em></span> 
     </span>
     <span class='ocr_line' id='line_1_39' title="bbox 280 2713 1561 2781; baseline -0.001 -17"><span class='ocrx_word' id='word_1_256' title='bbox 280 2713 630 2780; x_wconf 72' lang='lat' dir='ltr'><strong>contemtaeque</strong></span> <span class='ocrx_word' id='word_1_257' title='bbox 641 2718 811 2781; x_wconf 65' lang='lat' dir='ltr'><strong>Jaoent⁹</strong></span> <span class='ocrx_word' id='word_1_258' title='bbox 833 2723 881 2765; x_wconf 87' lang='lat' dir='ltr'><strong>et</strong></span> <span class='ocrx_word' id='word_1_259' title='bbox 902 2718 1002 2766; x_wconf 83' lang='lat' dir='ltr'><strong>sine</strong></span> <span class='ocrx_word' id='word_1_260' title='bbox 1021 2719 1135 2775; x_wconf 82' lang='lat' dir='ltr'><strong>luce,</strong></span> <span class='ocrx_word' id='word_1_261' title='bbox 1158 2716 1310 2766; x_wconf 81' lang='lat' dir='ltr'><strong>faces:</strong></span> <span class='ocrx_word' id='word_1_262' title='bbox 1351 2764 1361 2775; x_wconf 38' lang='lat'><strong>⁴</strong></span> <span class='ocrx_word' id='word_1_263' title='bbox 1466 2720 1561 2764; x_wconf 79' lang='lat'><strong>140</strong></span> 
     </span>
     <span class='ocr_line' id='line_1_40' title="bbox 212 2796 1176 2836; baseline 0.002 -8"><span class='ocrx_word' id='word_1_264' title='bbox 212 2796 324 2829; x_wconf 75' lang='lat' dir='ltr'><strong>voi..</strong></span> <span class='ocrx_word' id='word_1_265' title='bbox 347 2797 381 2830; x_wconf 80' lang='grc' dir='ltr'><strong>ι.</strong></span> <span class='ocrx_word' id='word_1_266' title='bbox 689 2825 697 2836; x_wconf 87' lang='grc'><em>,</em></span> <span class='ocrx_word' id='word_1_267' title='bbox 1151 2799 1176 2830; x_wconf 81' lang='lat' dir='ltr'>z</span> 
     </span>
    </p>
   </div>
  </div>
 </body>
</html>
