1867 2942
550 342 626 410 P.
674 298 986 412 ov'mn
1030 286 1487 410 NAsoms'

802 474 1188 596 ARTIS

477 702 1527 803 AMA'TORIAE

627 866 630 869 ’
709 892 923 943 L1BER
956 892 1278 942 TERTIUS.

338 1171 500 1218 Anu
520 1170 620 1217 dedi
644 1170 820 1218 Danais
841 1172 888 1216 in
912 1170 1192 1217 Amazonas.
1225 1170 1373 1219 Arma
1390 1179 1650 1233 supa-sunt,
1700 1196 1707 1203 ·

406 1234 526 1290 Quae
547 1235 625 1281 tibi
648 1236 761 1290 dem,
787 1241 834 1281 et
853 1243 1030 1289 turmae‚
1056 1233 1354 1291 Penthesilea,
1377 1243 1487 1282 tuae.

336 1297 411 1346 Ite
432 1302 478 1346 in
499 1300 616 1347 bella
634 1315 786 1363 pares:
824 1301 1021 1355 vincant,
1045 1301 1206 1361 quibus
1227 1301 1345 1348 alma
1367 1301 1526 1348 Dione

401 1363 597 1419 Faverit,
621 1371 680 1419 et,
703 1372 802 1410 toto
823 1365 899 1425 qui
920 1365 1044 1411 volat
1067 1366 1185 1420 orbe,
1211 1363 1347 1412 Puer.

337 1429 451 1476 Non
474 1436 569 1475 erat
590 1430 771 1476 armatis
794 1445 974 1491 aequum
998 1444 1264 1477 concurrere
1284 1431 1450 1477 nudas:

404 1493 479 1541 Sic
501 1494 636 1539 etiam
656 1494 785 1540 vobis
805 1496 988 1541 vincere
1009 1502 1151 1556 turpe,
1175 1496 1273 1542 viri.

337 1557 524 1606 Dixerit
544 1554 571 1604 ὲ
593 1557 747 1605 multis
768 1559 940 1620 aliquis,
966 1560 1092 1615 Quid
1112 1560 1236 1607 virus
1258 1561 1305 1606 in
1326 1575 1523 1623 anguem

403 1623 610 1685 Adjicis?
644 1630 691 1669 et
712 1624 876 1670 rabidae
897 1624 1037 1671 tradis
1059 1624 1178 1672 ovile
1198 1624 1345 1687 lupaei'

338 1687 519 1735 Parcite
538 1703 779 1751 paucarum
801 1688 1048 1736 diffundere
1069 1691 1240 1736 crimen
1261 1691 1310 1736 in
1332 1705 1505 1739 omnes.

404 1752 642 1816 Spectetur
660 1754 833 1800 meritis
852 1769 1045 1815 quaeque
1064 1755 1214 1816 puella
1235 1756 1341 1802 suis.
1595 1759 1659 1804 10

340 1818 391 1865 Si
413 1819 563 1866 minor
583 1817 769 1866 Atrides
793 1818 1019 1875 Helenen,
1045 1818 1338 1880 Helenesque
1359 1835 1560 1869 sororem

402 1882 511 1937 Quo
530 1891 704 1946 premat
726 1882 910 1930 Atrides
932 1885 1118 1930 crimine
1138 1885 1462 1946 mnjor„habet;

336 1947 386 1995 si
409 1947 577 1994 scelere
601 1948 803 1995 OEclides
823 1946 1102 1995 Talaionidae
1124 1948 1368 2012 Eriphylen

402 2010 564 2067 Vivus,
588 2020 635 2060 et
654 2014 701 2058 in
725 2013 839 2060 vivis
861 2014 917 2060 ad
943 2013 1088 2074 Styga
1108 2016 1233 2062 venit
1255 2016 1382 2076 equis
1389 2031 1407 2072 ;

336 2076 428 2125 Est
448 2078 522 2139 pia
545 2077 785 2139 Penelope,
807 2079 960 2126 lustris
980 2089 1158 2125 errante
1180 2080 1364 2135 duobus,

406 2141 472 2188 Et
492 2142 679 2189 totidem
701 2142 853 2191 lustris
872 2144 991 2190 bella
1009 2151 1198 2204 gerente
1218 2146 1332 2192 viro.

335 2204 533 2268 Respice
556 2205 877 2269 Phyllaciden:
917 2216 964 2257 et
983 2223 1087 2270 quae
1108 2224 1261 2256 comes
1281 2211 1372 2259 isse
1391 2213 1556 2260 marito

402 2270 599 2328 Fertur3
634 2279 682 2319 et
701 2280 806 2319 ante
827 2289 971 2320 annos
993 2275 1254 2322 occubuisse
1275 2291 1396 2323 suos.

334 2334 452 2384 Fata
474 2335 754 2384 Pheretiadae
776 2339 943 2401 conjux
966 2337 1186 2400 Pagasaea
1205 2340 1424 2389 redemit:

402 2398 584 2462 Proque
604 2403 673 2449 sui
696 2410 766 2448 est
787 2418 903 2449 uxor
920 2402 1080 2450 funere
1100 2405 1192 2451 lata
1210 2405 1311 2452 viri.
1408 2440 1414 2448 .
1593 2409 1659 2452 20

336 2464 511 2524 Accipe
530 2479 618 2519 me,
643 2463 880 2526 Capaneu3
916 2469 1090 2514 cineres
1109 2470 1409 2525 miscebimur,
1430 2470 1578 2531 inquit

399 2524 578 2587 Iphias:
616 2530 664 2574 in
685 2531 856 2577 medios
876 2531 1142 2593 desiluitque
1162 2548 1315 2594 rogos.

335 2587 445 2652 Ipsa
464 2604 640 2651 quoque
660 2600 707 2641 et
727 2593 852 2641 cultu
872 2603 944 2643 est
963 2603 1011 2642 et
1032 2595 1216 2642 nomine
1233 2596 1403 2648 femina
1424 2597 1602 2646 Virtus.

402 2649 513 2699 Non
534 2656 711 2711 mirum,
732 2659 900 2719 populo
921 2661 961 2707 si
982 2659 1105 2707 favet
1126 2661 1203 2707 illa
1224 2676 1320 2708 nuo.
