1867 2942
178 103 254 149 30
488 95 584 146 P
620 94 854 148 0v11>11
885 79 1189 145 NAsoms

126 186 145 195 ἢ
190 228 283 283 Sed
299 228 457 293 jubet'
445 242 512 275 ire
532 227 683 275 Deus.
745 225 928 274 Vellem
948 204 1170 275 vetuisset
1189 226 1343 283 adire3

255 293 430 341 Punica
449 309 536 340 nee
557 293 749 341 Teucris
770 308 926 356 pressa
944 292 1107 340 fuisset
1126 293 1309 338 humus»
1431 293 1538 339 140
1613 326 1618 335 ,

190 358 303 408 Hoc
326 360 440 406 duce
466 361 653 422 (nempe
674 357 806 419 Deo)
831 359 982 405 ventis
1004 359 1191 420 agitaris
1211 357 1402 419 iniquis,

253 424 321 473 Et
341 425 451 471 teris
472 426 519 471 in
543 425 697 486 rapido
719 430 926 486 tempora
945 423 1087 485 longa
1105 422 1239 470 freto.

188 489 282 539 Per
315 505 417 537 ama
435 491 517 536 vix
537 496 665 536 tanto
686 490 767 536 tibi
789 495 918 536 erant
939 488 1183 551 repetenda
1202 488 1370 543 labore,

311 562 463 602 ectore
486 555 522 601 si
544 556 666 610 vivo,
689 561 858 615 quanta
877 552 1017 608 fuere,
1039 553 1208 600 forent.

187 620 299 669 Non
322 621 518 682 patrium
544 620 778 667 Simoenta
796 620 943 701 petis3
979 619 1060 666 sed
1080 617 1309 679 Tybridas
1330 616 1496 666 undas.

253 685 448 748 Nempe‚
473 693 525 732 ut
545 685 782 748 pervenias
803 681 894 746 qud
917 686 1059 747 cupis,
1080 685 1246 760 hospes
1268 684 1374 732 eris.
1417 714 1422 721 »

190 750 350 812 thue
370 752 496 808 latet,
516 753 721 815 vitatque
740 758 843 798 tuas
864 751 1071 801 abstrusa
1090 746 1281 805 carinas,

250 815 351 863 'Vix
372 817 453 863 tibi
472 817 712 879 continget
732 824 852 864 terra
870 816 1015 877 petita
1034 816 1148 862 seni.

190 881 298 930 Hos
318 880 471 944 potius
491 883 715 945 populos
703 897 751 929 ιιι
773 883 942 936 dotem,
966 882 1157 943 ambage
1177 878 1380 937 remissa,

254 948 458 1010 Accipe,
492 956 540 994 et
562 948 775 995 advectas
799 946 1133 1008 Pygmalionis·
1140 962 1267 1008 opes.
1429 949 1535 995 150

187 1012 345 1061 ῙΙίοιι
333 1029 380 1060 ιιι
403 1012 595 1074 Tyriam
616 1013 811 1060 transfer
828 1009 1007 1058 felicius
1028 1011 1214 1059 urbem.
1376 1027 1384 1039 ²

254 1078 496 1139 Hancque,
519 1079 670 1134 locum
694 1078 837 1140 regni,
861 1084 1127 1139 sceptraque
1148 1093 1277 1124 sacra
1296 1085 1419 1125 tene.

190 1144 241 1192 si
264 1144 343 1190 tibi
365 1159 496 1190 mens
519 1144 651 1190 avida
671 1149 740 1190 est
761 1143 879 1198 belli,
904 1143 943 1189 si
965 1143 1129 1203 quaerit
1151 1142 1283 1191 Iiilus
1347 1190 1354 1197 ,

254 1208 395 1257 Unde
417 1225 501 1256 suo
521 1215 677 1271 partus
701 1208 858 1256 Marte
878 1208 1135 1269 triumphus
1157 1216 1232 1256 eat
1244 1226 1261 1267 ;

190 1274 344 1330 Quem
367 1282 561 1336 superet,
585 1289 643 1319 ne
664 1274 774 1335 quid
794 1273 924 1328 desit,
944 1273 1245 1334 praebebimus
1266 1275 1459 1322 hostem.

253 1338 352 1386 Hic
374 1341 499 1401 pacis
520 1340 648 1401 leges
668 1357 679 1384 :
720 1340 792 1385 hic
813 1339 944 1385 locus
965 1354 1092 1387 arma
1113 1341 1248 1402 capit.
1359 1356 1374 1375 a*

186 1404 263 1453 Tu
285 1402 435 1459 modo,
458 1420 540 1467 per
560 1412 764 1459 matrem,
784 1403 1073 1465 fraternaque
1093 1405 1198 1461 tela,
1221 1406 1426 1466 sagittas,

254 1469 435 1532 Perque
459 1469 587 1531 fugae
608 1470 811 1525 comites,
836 1468 1078 1519 Dardana
1079 1485 1219 1527 sacra,
1245 1470 1404 1519 Deos·

184 1536 293 1601 (Sic
316 1542 542 1597 superent,
565 1550 876 1597 quoscumque
897 1534 978 1582 tua
999 1535 1056 1582 de
1076 1542 1218 1598 gente
1238 1544 1456 1600 reportas,

253 1600 399 1648 Mars-
406 1600 530 1648 ferus
552 1608 599 1647 et
618 1601 795 1648 damnis
817 1601 878 1647 sit
898 1601 1061 1648 modus
1081 1602 1159 1649 ille
1181 1602 1526 1659 tuis,160

186 1666 503 1743 Ascaniusque
525 1682 632 1714 suos
650 1665 844 1713 feliciter
864 1667 1050 1731 impleat
1070 1682 1231 1723 annos,

252 1730 321 1780 Et
343 1732 464 1780 senis
487 1732 706 1780 Anchisae
727 1732 926 1779 molliter
946 1747 1051 1780 ossa
1071 1730 1261 1794 cubent)

186 1796 336 1846 Parce
355 1812 518 1860 precor
540 1798 707 1853 domui,
729 1813 834 1859 quae
856 1813 907 1846 se
926 1798 1008 1845 tibi
1029 1797 1167 1846 tradit
1186 1799 1452 1847 habendam.

254 1861 394 1924 Quod
415 1864 587 1910 crimen
608 1863 732 1918 dicis,
753 1870 920 1927 praeter
942 1860 1132 1918 amasse,
1152 1878 1306 1910 meum
1320 1863 1342 1908 Ρ
1366 1910 1370 1915 ,

184 1928 300 1977 Non
320 1944 411 1993 ego
433 1944 534 1977 sum
558 1928 762 1985 Phthias,
784 1929 1055 1991 magnisque
1069 1928 1259 1976 oriunda
1275 1929 1517 1991 Mycenist

127 2052 135 2058 ‚
252 1994 358 2041 Nec
381 2002 606 2042 steterunt
626 1995 674 2041 in
697 2001 743 2041 te
764 1994 926 2056 virque
945 2000 1163 2055 paterque
1183 2009 1328 2041 meus.
1409 2025 1434 2053 ·.

187 2059 239 2108 Si
262 2060 404 2122 pudet
422 2061 607 2116 uxoris;
643 2074 738 2106 non
759 2066 913 2121 nupta,
937 2059 1018 2106 sed
1038 2060 1218 2120 hospita
1238 2060 1376 2108 dicar.

254 2124 388 2172 Dum
411 2132 492 2172 tua
513 2126 571 2171 sit
594 2124 735 2180 Dido,
759 2123 992 2185 quodlibet
1012 2138 1113 2171 esse
1132 2123 1263 2173 feret.

185 2189 316 2238 Nota
335 2191 447 2237 mihi
466 2189 586 2237 freta
607 2196 714 2236 sunt
735 2188 905 2237 Afrum
925 2188 1186 2251 frangentia
1204 2190 1363 2238 littus:

251 2254 554 2319 Temporibus
576 2255 712 2302 certis
733 2255 932 2315 dantque
953 2261 1217 2316 negantque
1237 2257 1375 2307 viam.
1429 2258 1524 2304 170

188 2319 312 2371 Cum
334 2322 457 2371 dabit
477 2335 587 2369 aura
606 2321 742 2375 viam,
765 2319 986 2382 praebebis
1008 2321 1193 2368 carbasa
1209 2322 1376 2368 ventis.

251 2385 396 2434 Nunc
415 2385 532 2434 levis
554 2387 744 2448 ejectam
766 2385 974 2432 continet
994 2384 1102 2448 alga
1121 2392 1281 2433 ratem.

185 2451 390 2514 Tempus
412 2457 465 2498 ut
485 2453 736 2507 observem,
758 2450 925 2499 manda
945 2451 1087 2508 mihi;
1122 2448 1290 2498 certius
1315 2451 1422 2500 ibis:

252 2516 357 2564 Nec
378 2524 439 2571 te,
463 2517 503 2564 si
523 2516 678 2579 cupies
697 2517 808 2579 ipse,
830 2531 1016 2564 manere
1036 2516 1197 2567 sinam.

186 2581 255 2631 Et
276 2582 387 2630 socii
408 2579 610 2643 requiem
628 2588 837 2643 poscunt,
856 2581 1115 2643 laniataque
1136 2581 1294 2630 classis

252 2646 466 2697 Postulat
484 2646 678 2710 en'guas
698 2646 985 2697 semirefecta
1002 2661 1169 2696 moras.
1216 2682 1224 2686 -
1273 2694 1284 2701 ,
