1867 2942
512 150 891 206 HERomEs.
956 154 1119 213 Em.
1137 126 1255 209 xx.
1433 142 1438 149 ’
1484 165 1546 212 97

211 282 289 333 Te
309 284 420 342 mihi
442 287 702 350 compositis
726 289 910 353 (siquid
931 295 1083 336 tamen
1105 288 1305 353 egimus)
1328 288 1354 340 ὲ
1375 307 1450 340 me

281 350 542 399 Adstrinxit
563 354 709 400 verbis
730 355 995 416 ingeniosus
1017 356 1177 403 Amor.

204 414 417 464 ·Dictatis
437 419 493 464 ab
513 432 569 464 eo
590 417 677 464 feci
700 420 925 480 sponsalia
946 421 1111 467 verbis:

283 478 598 544 Consultoque
615 483 681 530 fui
694 485 1001 547 jurisAmore
1021 485 1162 533 vafer.
1480 491 1549 535 50

212 546 286 594 sit
306 546 431 594 fraus
451 548 554 594 huic
570 563 737 595 nomen
758 549 890 605 facto,
915 551 1125 612 dicarque
1139 551 1345 599 dolosus:

283 611 358 675 (Si
380 619 532 660 tamen
553 621 637 670 est,
660 615 780 675 quod
803 630 927 661 ames
948 616 1067 662 velle
1087 627 1255 672 tenere,
1278 614 1447 678 dolus.)

211 675 294 725 En
315 677 479 724 iterum
502 679 659 733 scribo,
682 679 902 741 mittoque
925 682 1131 742 rogantia
1150 684 1298 730 verba.

279 741 443 789 Altera
460 742 584 790 fraus
606 745 706 790 haec
729 751 819 791 esti
847 746 1056 806 quodque
1077 748 1291 807 queraris,
1314 749 1467 796 habes.

212 807 266 855 Si
289 822 444 863 noceo,
461 805 583 868 quod
605 822 730 866 am03
752 809 910 864 fateor,
930 811 1028 861 sine
1046 809 1138 858 fine
1157 813 1352 872 noceb03

280 870 440 934 Teque
460 880 634 935 petam:
663 889 824 921 caveas
844 880 894 921 tu
915 872 1024 921 licet
1044 875 1141 937 ipsa
1160 879 1281 939 peti.'

213 937 307 985 Per
327 938 502 1000 gladios
524 939 600 985 alii
618 939 806 1002 placitas
826 954 1012 1001 rapuere
1031 941 1231 1002 puellasz

282 1002 459 1066 Scripta
478 1004 589 1050 mihi
604 1002 738 1051 caute
759 1004 889 1051 litera
909 1006 1081 1051 crimen
1102 1007 1215 1053 erit?

212 1065 285 1115 Di
303 1067 482 1124 faciant,
505 1070 676 1131 possim
698 1070 850 1131 plures
871 1071 1101 1133 imponere
1121 1071 1287 1121 nodos!

282 1132 354 1181 Ut
373 1140 453 1181 tua
467 1136 526 1182 sit
546 1132 672 1182 nulla
683 1135 822 1182 libera
831 1143 959 1197 parte
972 1134 1098 1184 fides.
1483 1141 1549 1187 40

212 1198 352 1246 Mine
372 1198 462 1246 doli
483 1206 676 1247 restant:
704 1201 823 1248 clivo
838 1201 1050 1248 sudamus
1069 1203 1119 1247 in
1140 1201 1247 1248 imo.

280 1262 434 1311 Ardor
454 1266 737 1329 inexpertum
761 1266 826 1313 nil
843 1268 969 1314 ‘sinet
989 1282 1088 1314 esse
1107 1281 1252 1314 meus.

215 1328 289 1377 sit
309 1328 506 1385 dubium,
527 1333 735 1392 possisne
755 1333 850 1394 capi
860 1349 876 1389 ;
899 1332 1136 1394 captabere
1156 1329 1292 1380 certe.

281 1393 454 1442 Exitus
475 1396 521 1442 in
545 1395 637 1444 Dis
658 1403 749 1444 est:
779 1397 857 1444 sed
878 1398 1054 1458 capiere
1073 1404 1241 1444 tamen.

216 1457 288 1508 Ut
307 1460 705 1523 partemeffugias,
728 1477 821 1510 non
843 1463 995 1509 omnia
1009 1463 1121 1509 retia
1138 1461 1287 1510 falles:
1372 1498 1378 1505 ,

284 1524 408 1580 Quae
428 1526 518 1582 tibi,
542 1525 676 1588 quam
698 1528 855 1582 credis,
878 1529 1008 1590 plura
1028 1527 1220 1576 tetendit
1239 1528 1401 1576 Amor.

216 1589 378 1640 Sinon
397 1591 633 1653 proficiant
652 1601 787 1648 artes,
809 1595 1045 1641 veniemus
1065 1593 1123 1640 ad
1143 1608 1292 1652 arma3

285 1654 432 1718 Inque
452 1658 518 1705 tui
542 1658 704 1720 cupido
725 1665 853 1720 rapta
871 1658 1017 1705 ferere
1038 1659 1155 1705 sinu.

218 1719 334 1768 Non
354 1734 469 1776 sum,
494 1723 570 1782 qui
584 1722 752 1769 soleam
776 1722 954 1769 Paridis
975 1723 1297 1784 reprehendere
1313 1720 1509 1769 factum:

283 1786 387 1834 Nec
408 1800 694 1850 quemquam,
717 1787 806 1848 qui,
830 1788 902 1833 vir
920 1789 1067 1849 possit
1086 1794 1137 1834 ut
1151 1802 1264 1842 esse,
1286 1785 1387 1835 fuit.
1485 1789 1551 1834 50

218 1850 324 1900 Nos
344 1867 544 1917 quoque:
575 1852 654 1898 sed
674 1858 818 1899 taceo.
851 1851 987 1898 Mors
1007 1852 1140 1915 huJus
1159 1865 1297 1914 poens
1316 1851 1485 1914 rapinae

287 1917 358 1965 Ut
375 1919 446 1972 sit,
469 1911 555 1964 erit
575 1914 710 1977 quam
731 1923 778 1963 te
800 1932 893 1964 non
909 1917 1129 1972 habuisse,
1151 1916 1315 1963 minor.
1395 1975 1402 1981 .

217 1982 320 2032 Aut
339 1996 464 2031 esses
481 1981 683 2030 formosa
706 1983 870 2038 minus,
892 1988 1096 2045 peterere
1115 1978 1335 2031 modeste.

202 2040 224 2055 “
285 2047 496 2095 Audaces
516 2047 632 2095 facie
652 2049 860 2109 cogimur
880 2062 986 2095 esse
1001 2046 1095 2094 tufi.

216 2111 297 2162 Tu
314 2113 429 2160 facis
450 2114 550 2169 hoc,
573 2114 782 2174 oculique
803 2114 894 2170 tui;
918 2113 1080 2174 quibus
1100 2112 1238 2177 ignea
1258 2110 1426 2161 cedunt

287 2178 469 2235 Sidera3
491 2181 567 2240 qui
589 2178 787 2227 flammae
808 2193 968 2227 caussa
986 2177 1113 2226 fuere
1131 2192 1266 2226 meae.

219 2242 460 2292 Hocflflavi
480 2243 651 2293 faciunt
672 2247 832 2299 crines,
855 2252 904 2292 et
923 2246 1120 2292 eburnea
1140 2244 1317 2300 cervix3

287 2310 511 2370 Quaequc,
533 2325 705 2372 precor,
727 2311 914 2358 veniant
932 2311 982 2358 in
1002 2325 1107 2357 mea
1126 2308 1242 2359 colla
1262 2321 1446 2354 manus:

217 2373 287 2424 Et
309 2375 457 2430 decor,
479 2382 529 2422 et
545 2375 701 2423 vultus
716 2377 819 2424 sine
833 2376 1085 2424 rusticitate
1098 2374 1319 2437 pudentes
1324 2388 1341 2430 ς

287 2439 368 2495 Et,
390 2439 575 2488 Thetidi
595 2441 749 2502 quales
766 2441 848 2489 vix
868 2455 970 2489 rear
983 2455 1096 2494 esse,
1116 2439 1271 2502 pedes.
1493 2439 1570 2493 60,

224 2503 393 2556 Cetera
413 2506 452 2552 si
471 2520 651 2569 possem
673 2506 867 2561 laudare,
888 2506 1063 2569 beatior
1082 2516 1250 2552 essemt

284 2569 397 2618 Nec
417 2571 582 2626 dubito,
606 2578 752 2623 totum
774 2571 883 2632 quin
898 2570 982 2618 sibi
1000 2586 1086 2633 pai·c
1103 2571 1163 2616 sit
1240 2583 1309 2620 us.

227 2633 336 2683 Hic
355 2632 446 2699 ego
466 2636 737 2702 eompukus,
761 2650 857 2684 non
877 2635 1181 2693 emminhile,
1223 2630 1365 2687 orma,

291 2701 341 2749 Si
362 2701 529 2766 pignus
548 2702 673 2752 volui
692 2702 820 2752 vocis
841 2702 1010 2753 habere„
1025 2710 1131 2750 tuae.

222 2781 331 2813 von.
354 2781 387 2815 1.
1078 2782 1111 2814 x
