1867 2942
723 255 1058 359 NUX‚

585 433 1164 494 .ELEG1m

229 732 353 784 Nux
374 751 463 798 ego
476 737 639 799 juncta
658 736 761 792 viae,
786 732 889 782 etim
912 737 999 783 sim
1021 736 1119 784 sine
1141 737 1328 785 erimine
1345 737 1470 794 vitae.

294 801 343 848 A
363 802 530 864 populo
550 802 669 848 saxis
690 809 994 864 praetereunte
1014 809 1159 864 petor.

228 862 438 921 Obruere
458 867 546 913 ista
560 867 677 914 solet
698 866 959 914 manifestos
981 882 1118 929 poena
1139 874 1368 924 nocentes,

298 930 487 979 Publica
502 929 606 979 cum
627 932 796 980 lentam
820 947 912 980 non
934 932 1054 994 capit
1075 933 1141 979 ira
1158 947 1350 980 moram.

225 994 315 1044 Nil
335 1013 424 1060 ego
444 998 649 1059 peccavi:
690 998 778 1044 nisi
800 998 837 1044 si
858 995 1070 1060 peccasse
1083 1004 1288 1054 vocetur,

294 1061 468 1110 Annua
487 1063 648 1110 cultori
668 1078 803 1126 poma
826 1062 994 1110 referre
1014 1078 1112 1110 suo.

235 1126 308 1175 At
327 1124 453 1190 prius
475 1129 717 1183 arboribus,
741 1135 836 1176 tum
860 1129 966 1185 cium
988 1128 1177 1176 meliora
1197 1127 1326 1177 fuere

294 1189 536 1254 Tempora,
560 1196 788 1241 certamen
807 1192 1051 1241 fertilitatis
1071 1199 1182 1240 erat.
1202 1206 1209 1217 ¹

235 1254 358 1307 cnm
380 1258 550 1305 domini
571 1273 796 1306 memores
818 1256 952 1306 sertis
975 1273 1135 1306 ornare
1155 1258 1358 1306 solebant

295 1322 552 1386 Agricolas,
574 1322 727 1372 fructu
747 1323 1054 1388 proveniente,
1078 1322 1226 1373 Deos.
1508 1325 1572 1372 10

234 1385 369 1450 Saepe
389 1394 491 1438 tuas
511 1388 663 1453 igitur,
689 1387 840 1445 Liber,
863 1390 1054 1437 miratus
1074 1404 1125 1437 es
1141 1403 1253 1436 uvas
1270 1405 1285 1436 ε

297 1452 471 1501 Mirata
490 1462 560 1501 est
580 1455 704 1503 oleas
728 1470 850 1518 saepe
871 1454 1090 1503 Minerva
1109 1469 1229 1502 suas.

233 1516 467 1580 Pomaque
487 1519 713 1571 laesissent
734 1528 952 1579 matrem3
986 1519 1033 1568 ni
1055 1518 1232 1568 subdita
1250 1534 1378 1569 ramo

295 1581 465 1645 Longa
482 1584 702 1631 laboranti
721 1584 851 1636 furca
870 1586 1049 1637 tulisset
1069 1599 1217 1647 opem.

234 1648 362 1705 Quin
383 1647 519 1694 etiam
542 1648 750 1711 exemplo
770 1649 971 1715 pariebat
988 1648 1158 1703 femina
1177 1655 1369 1707 nostr03

289 1710 530 1774 'Nullaque
550 1727 643 1761 non
664 1713 743 1761 illo
766 1721 970 1776 ,tempore
988 1721 1133 1762 mater
1152 1723 1267 1762 erat·

231 1779 302 1828 At
321 1783 561 1840 postquam
580 1777 788 1858 platanis,
811 1778 1010 1826 sterilem
1030 1779 1334 1842 praebentibus
1354 1777 1574 1837 umbram.

263 1850 268 1859 ·
299 1842 497 1891 Uberior
517 1843 675 1905 quavis
696 1845 854 1892 arbore
873 1845 1003 1893 veuit
1020 1845 1198 1903 bonon

233 1907 338 1958 Nos
358 1924 537 1972 quoque
556 1908 790 1972 frugiferae
814 1910 875 1974 (si
897 1924 994 1957 nux
1014 1906 1151 1960 modo
1170 1924 1316 1973 ponor
1335 1908 1384 1958 in
1404 1907 1521 1976 illis)

304 1969 544 2037 Coepimus
565 1975 612 2025 in
634 1975 810 2038 patulas
830 1974 1060 2026 luxuriare
1080 1990 1246 2024 comas.
1324 1980 1333 1987 '
1416 1980 1419 1981 ’
1506 1977 1574 2023 20

236 2037 377 2088 Nunc
399 2054 546 2106 neque
567 2041 808 2095 continuos
828 2049 1077 2089 nascuntur
1095 2056 1234 2105 poma
1252 2055 1336 2103 per
1355 2054 1530 2089 annos:

302 2103 500 2173 Uvaque
519 2105 631 2157 laesa
651 2106 850 2163 domum,
870 2107 1070 2172 laesaque
1086 2107 1227 2156 bacca
1242 2105 1385 2154 venit.

236 2167 378 2220 Nunc
398 2178 577 2221 uterum
597 2172 741 2228 vitiat,
763 2187 867 2236 quae
886 2173 989 2222 vult
1001 2171 1203 2221 formosa
1221 2170 1389 2219 videri:

301 2234 513 2298 Raraque
533 2237 582 2288 in
602 2237 690 2286 hoc
714 2253 816 2290 aevo
837 2244 921 2294 est,
943 2253 1047 2300 quae
1066 2238 1180 2287 velit
1198 2252 1299 2286 esse
1317 2249 1496 2300 parens.

238 2298 380 2351 certe
462 2317 504 2358 ο,
526 2303 566 2352 si
587 2318 832 2366 numquam
853 2304 1142 2367 peperissem,
1164 2304 1306 2352 tutior
1325 2315 1491 2351 essem.

301 2315 779 2428 Istaeglytemnestrae
799 2369 941 2433 digna
958 2369 1142 2433 querela
1159 2368 1263 2419 fuit.

232 2431 288 2480 si
309 2430 533 2480 sciat'hoc
552 2433 671 2489 vitis,
694 2441 930 2482 nascentes
952 2448 1006 2482 su
1035 2435 1202 2499 primet
1222 2447 1365 2483 uvasz

263 2541 268 2547 .
301 2495 527 2559 orbaque,
551 2498 591 2550 si
612 2499 724 2546 sciat
743 2499 844 2556 hoc,
869 2497 1001 2548 Palla
1032 2501 1070 2548 's
1090 2500 1222 2549 arbor
1241 2499 1342 2548 erit.

235 2560 345 2610 Hoc
365 2562 416 2609 in
435 2561 644 2615 notitiam
664 2565 819 2613 veniat
831 2565 1043 2629 maloque
1058 2565 1247 2630 piroque
1260 2580 1282 2625 3

295 2627 568 2705 Destituent
585 2628 723 2705 ailraa
744 2637 933 2698 utraque
953 2645 1089 2698 poma
1107 2645 1227 2682 mian·
1506 2630 1578 2675 30
