1867 2942
426 148 630 198 AR’rls
661 145 1051 197 AMATomAE
1084 120 1188 195 1211}
1210 146 1306 196 111.
1426 151 1523 197 249

204 274 295 326 Cui
315 278 462 328 femur
481 287 551 327 est
562 279 776 343 juvenile,
798 287 953 327 carent
973 279 1044 326 cui
1064 284 1249 341 pectora
1267 275 1444 362 menda,

269 343 373 392 Stet
392 345 475 399 vir,
496 346 543 391 in
564 346 742 407 obliquo
763 344 864 392 fusa
884 346 945 392 sit
962 346 1059 407 ipsa
1078 351 1194 391 toro·
1540 348 1546 355 '

203 406 309 456 Nec
328 411 408 457 tibi
428 417 557 472 turpe
576 417 685 472 puta
704 412 886 465 crinem,
909 418 962 456 ut
984 408 1192 470 Phyllei‘a
1213 416 1366 463 mater,

272 473 486 522 Solvere·
523 482 586 521 et·
583 473 746 521 effiisis
766 475 881 521 colla
902 473 1084 521 reflecte
1105 473 1259 520 comis.

202 537 280 585 Tu
300 555 491 601 quoque,
514 541 586 586 cui
609 540 733 602 rugis
753 546 928 586 uterum
953 538 1128 585 Lucina
1147 537 1333 593 notavit,

273 603 350 659 Ut¹
363 605 482 651 celer
502 605 669 653 aversis
688 610 814 651 utere
836 603 1031 651 Parthus
1052 604 1192 665 equis.

207 667 343 717 Mille
363 670 484 716 modi
507 668 714 715 Veneris.
761 668 963 730 Simplex
984 668 1243 728 minimique
1262 666 1439 721 laboris,

142 766 149 775 .
274 732 392 782 Cum
406 736 531 796 Jacet
550 735 597 781 in
619 733 826 780 dextrum
848 734 1121 794 semisupina
1139 733 1270 779 latus.

207 798 301 846 Sed
322 814 468 860 neque
490 797 678 845 Pboehei
698 798 907 862 tripodes,
930 812 1016 844 nec
1036 797 1244 859 corniger
1265 796 1481 849 Ammon,

271 862 397 910 Vera
417 865 563 926 magis
581 864 723 915 vobis.
744 861 878 924 quam
898 877 1001 909 mea
1022 861 1173 917 Musa,
1195 868 1369 908 canent.
1435 863 1532 907 790

208 928 258 977 si
278 944 368 990 qua
387 927 498 975 fides
517 929 615 982 arti,
637 943 770 989 quam
791 928 931 989 longo
950 926 1140 973 fecimus
1161 941 1273 982 usu;

274 991 486 1042 Credite.
525 993 801 1055 praestabunt
820 992 1019 1039 carmina
1039 998 1192 1038 nostra
1209 959 1358 1037 fidem.

208 1058 382 1107 Sentiat
402 1073 462 1104 ex
481 1058 584 1104 imis
604 1056 834 1105 Venerem
856 1057 1053 1104 resoluta
1071 1055 1277 1102 medullis

273 1122 490 1170 Femina.
528 1130 576 1169 et
595 1136 654 1169 ex
676 1136 806 1183 aequo
827 1137 900 1169 res
911 1123 1046 1183 juvet
1065 1121 1142 1167 illa
1162 1119 1289 1166 duos.

203 1187 310 1236 Nec
329 1188 506 1236 blandae
526 1202 674 1241 voees,
686 1187 979 1250 jucundaque
997 1199 1226 1231 murmura
1244 1189 1443 1233 cessent:

271 1252 375 1300 Nec
395 1260 574 1301 taceant
593 1252 753 1299 mediis
771 1252 973 1314 improba
993 1251 1160 1297 verba
1138 1248 1273 1311 Joeis.

204 1318 281 1367 Tu
302 1332 491 1381 quoque,
514 1318 586 1365 cui
612 1316 802 1364 Veneris
822 1330 1004 1364 sensum
1026 1322 1185 1362 natura
1204 1314 1402 1377 negavit,

266 1381 441 1431 Dulcia
460 1384 662 1430 mendaci
682 1382 847 1445 gaudia
864 1381 989 1443 finge
1011 1396 1138 1428 sono.

209 1447 391 1503 Infelix,
413 1450 484 1496 cui
505 1455 653 1512 torpet
673 1448 809 1495 hebes
828 1448 965 1494 loeus·
976 1447 1064 1501 ille,
1085 1444 1236 1508 puella
1244 1459 1333 1491 es·
1318 1477 1334 1503 ,
1506 1467 1518 1483 ο

272 1513 457 1576 Quopa
458 1514 565 1560 riter
584 1513 748 1560 debent
764 1512 933 1559 femina
954 1513 1110 1572 virque
1119 1510 1232 1557 stui.
1436 1509 1534 1554 800

204 1528 457 1633 CPanfflm,pa
443 1576 547 1625 edm
566 1578 743 1639 {ingen
778 1592 837 1623 ne
858 1578 921 1624 sis
941 1575 1179 1623 manifesta
1197 1581 1382 1622 caveto·
1512 1584 1517 1595 '

193 1658 196 1663 ·
272 1643 422 1691 Effice
439 1658 520 1704 per
538 1650 713 1689 motum
733 1641 1021 1701 luminaque
1009 1650 1106 1701 ipsa
1124 1638 1303 1687 fidem.

203 1708 352 1765 Quod
360 1708 517 1770 Juvet:
556 1713 603 1752 et
623 1719 759 1751 voces
778 1714 827 1751 et
845 1705 1068 1750 anhelitus
1087 1710 1249 1764 arguat
1268 1703 1373 1750 oris.

273 1774 350 1821 Ah
370 1770 538 1834 pudet!
576 1783 761 1817 arcanas
778 1784 882 1831 pars
903 1769 1036 1814 habet
1054 1770 1142 1814 ista
1161 1774 1308 1814 notas.

205 1837 390 1888 Gauth‘a
406 1843 510 1899 post
529 1833 726 1881 Veneris
744 1848 849 1894 quae
868 1840 1027 1894 poscet
1045 1846 1209 1879 munus
1229 1836 1467 1885 amantem,
1518 1868 1521 1871 Α

272 1902 380 1966 Ipsa
399 1916 505 1948 suas
525 1900 650 1947 nolet
669 1898 846 1961 pondus
865 1898 1029 1944 habere
1048 1911 1217 1957 preces.

206 1968 313 2017 Nec
334 1966 514 2014 lucem
500 1980 549 2012 ιιι
571 1963 791 2011 thalamos
809 1964 920 2010 totis
942 1962 1128 2008 admitte
1145 1961 1366 2011 seneen-is.

273 2029 472 2094 Aptius
461 2045 507 2077 ιιι
529 2036 682 2076 vestro
702 2043 892 2090 corpore
908 2027 1054 2073 multa
1070 2027 1226 2073 latent.

207 2098 364 2147 Lusus
384 2097 516 2144 hebet
533 2093 700 2141 finem·
737 2095 895 2171 cycnis
914 2091 1184 2138 descendere
1203 2097 1395 2152 tempus,

276 2161 524 2209 Duxerunt
544 2159 662 2206 collo
683 2159 759 2220 qui
770 2160 889 2220 juga
907 2164 1065 2205 nostra
1085 2170 1182 2203 suo.
1439 2155 1538 2200 810

208 2227 284 2276 Ut
303 2226 528 2288 quondam
539 2227 749 2302 Juvenes,
770 2224 835 2271 ita
855 2238 977 2270 nunc
996 2236 1099 2269 mea
1117 2220 1248 2268 turba
1265 2217 1430 2282 puellae

275 2243 528 2339 Inscribant
549 2289 713 2352 spoliis,
736 2288 867 2336 Naso
886 2289 1105 2352 magister
1118 2294 1223 2334 erat
1300 2312 1306 2319 ι

520 2502 528 2511 ’
562 2497 705 2530 Alme
737 2495 1010 2531 numum
1042 2494 1189 2531 ''1108-
