1867 2942
198 62 225 85 N

294 94 327 137 2
639 91 695 140 P.
729 88 966 140 0V1D11
999 84 1299 142 NAsoms

293 219 441 270 Grata
459 219 614 268 ferunt
635 220 870 283 Nymphae
890 238 975 284 pro
998 222 1136 269 salvis
1158 222 1279 271 dona
1298 224 1503 271 maritis:

359 283 435 331 Illi
458 286 583 333 victa
605 284 697 334 suis
718 285 864 333 Troia
884 286 979 335 fata
1001 293 1184 335 canunt.
1593 300 1600 311 '

291 349 524 398 Mirantur
536 352 739 414 justique
763 367 905 406 senes,
929 353 1207 416 trepidaeque
1225 353 1419 415 puellae:

357 415 601 464 Narrantis
624 419 792 480 conjux
812 418 981 480 pendet
1002 420 1059 465 ab
1080 433 1160 465 ore
1180 419 1284 465 viri.
1573 424 1649 470 30

292 481 450 542 Atque
469 481 628 544 aliquis
649 480 799 545 posita
819 489 1043 530 monstrat
1062 482 1159 531 fera
1177 483 1340 547 proelia
1361 482 1521 533 mensa
1532 501 1549 544 3

356 547 516 609 Pingit
538 556 584 595 et
605 549 775 610 exiguo
798 548 1029 610 Pergama
1048 556 1147 596 tota
1166 564 1307 597 mero·

292 611 401 664 Hac
416 614 509 659 ibat
533 613 713 668 Simois,
736 615 809 661 hic
831 622 901 660 est
919 614 1078 676 Sigeia
1098 614 1247 669 tellus,

355 677 452 725 Hic
473 686 657 726 steterat
682 678 851 726 Priami
868 681 996 742 regia
1016 679 1137 727 celsa
1157 679 1295 727 senis.

288 743 393 793 Illic
416 743 646 803 AEacides,
667 745 759 791 illic
780 745 993 792 tendebat
1016 744 1208 792 Ulixes:

357 808 454 856 Hic
475 810 598 858 lacer
618 811 840 858 admissos
860 811 1021 858 terruit
1044 810 1225 858 Hector
1240 826 1400 871 equos.

291 875 461 925 Omnia
482 891 675 937 namque
692 889 776 924 tuo
800 877 963 931 senior,
987 884 1034 924 te
1054 892 1259 938 quaerere
1280 877 1438 934 misso,

313 942 318 947 '
356 941 598 988 Retulerat
619 950 726 989 nato
751 941 950 989 Nestor:
990 950 1037 989 at
1057 943 1133 989 ille
1153 942 1279 989 mibi.

291 1006 473 1056 Retulit
492 1013 539 1055 et
559 1006 679 1054 ferro
703 1007 1001 1069 Rhesumque
1023 1006 1302 1070 Dolonaque
1322 1022 1485 1062 caesos,

365 1071 519 1132 thue
540 1073 600 1119 sit
621 1072 694 1118 hic
717 1087 879 1119 somno
893 1073 1111 1135 proditus,
1135 1072 1211 1119 ille
1232 1072 1352 1119 dolo.
1570 1077 1642 1121 40

291 1139 450 1188 Ausus
472 1154 535 1191 es,
559 1134 599 1184 ὃ,
610 1133 800 1184 nimium
823 1136 1108 1198 nimiumque
1127 1137 1266 1184 oblite
1286 1143 1486 1194 tuorum,

355 1202 554 1250 Thtacia
574 1208 797 1251 nocturno
811 1209 1003 1266 tangere
1024 1209 1174 1249 castra
1187 1202 1324 1260 dolo;

291 1264 476 1330 Totque
499 1268 634 1316 simul
653 1275 854 1317 mactare
869 1269 1006 1324 viros,
1030 1268 1210 1331 adjutus
1232 1268 1289 1314 ab
1304 1283 1410 1314 uno.

355 1335 424 1382 At
443 1335 559 1381 bene
579 1341 740 1382 cautus
761 1348 873 1388 eras,
896 1340 946 1380 et
966 1349 1142 1381 memor
1163 1329 1271 1380 ante
1292 1333 1397 1380 mei.

290 1399 455 1462 Usque
475 1407 601 1447 metu
622 1400 821 1449 micuere
842 1399 1000 1457 sinus;
1036 1399 1142 1447 dum
1158 1399 1306 1446 victor
1328 1399 1525 1446 amittunt

354 1465 526 1513 Dictus
542 1481 590 1512 es
615 1463 818 1513 Ismariis
829 1465 924 1511 isse
944 1480 1026 1527 per
1047 1480 1215 1527 agmen
1236 1464 1379 1526 equis·

290 1531 382 1581 Sed
402 1531 513 1578 mihi
535 1531 642 1591 quid
656 1530 840 1593 prodest
853 1531 1017 1577 vestris
1038 1531 1225 1593 disjecta
1242 1530 1425 1578 lacertis

355 1594 503 1643 Ilios?
535 1603 595 1650 et,
618 1610 775 1642 murus
796 1595 918 1655 quod
940 1595 1028 1642 fuit
1050 1592 1170 1651 autc,
1196 1595 1375 1642 solum?

291 1661 342 1711 sl
363 1676 540 1715 maneo,
564 1661 707 1722 qualis
723 1659 863 1724 Troja
885 1661 1077 1709 durante
1097 1661 1367 1718 manebam3

351 1726 529 1789 Virque
544 1727 667 1781 mihi,
692 1727 846 1774 demto
867 1726 960 1774 fine
976 1727 1209 1782 carendus,
1233 1726 1371 1774 abes?
1563 1729 1632 1774 50

282 1791 457 1841 Diruta
478 1801 584 1840 sunt
606 1792 716 1848 aliis,
741 1793 820 1839 uni
842 1793 953 1839 mihi
979 1791 1206 1857 Pergama
1227 1798 1435 1850 restant3

349 1857 511 1906 Incola
532 1859 711 1921 captivo
731 1873 835 1919 quae
855 1859 975 1906 bove
995 1859 1143 1905 victor
1163 1865 1274 1905 arat.

283 1922 392 1975 Jam
414 1940 548 1987 seges
568 1931 639 1971 est
655 1924 730 1971 ubi
750 1922 891 1987 TroJa
911 1925 1016 1979 fuit,
1037 1924 1367 1984 resecandaque
1386 1920 1505 1969 falce

349 1989 577 2038 Luxuriat
598 1988 807 2051 Phrygio
829 1990 1051 2052 sanguine
1071 1989 1256 2051 pinguis
1275 1989 1456 2035 humus.

285 2055 586 2118 Semisepulta
606 2054 754 2102 virum
778 2055 929 2101 curvis
951 2054 1174 2101 feriuntur
1190 2052 1350 2099 aratris

348 2120 496 2170 Ossa:
537 2120 741 2167 ruinosas
762 2120 930 2166 occulit
951 2120 1089 2166 herba
1110 2120 1284 2166 domos.

284 2184 448 2234 Victor
468 2186 603 2242 abes3
628 2200 715 2231 nec
730 2184 845 2231 scire
861 2185 984 2240 mihi,
1007 2198 1111 2246 quae
1131 2198 1292 2231 caussa
1311 2182 1529 2239 morandi.

347 2251 448 2301 Aut
468 2252 517 2297 in
530 2266 623 2312 quo
643 2249 785 2297 lateas
804 2249 979 2297 ferreus
1002 2249 1123 2304 orbe,
1145 2249 1268 2296 licet.

282 2314 503 2378 Quisquis
524 2317 580 2363 ad
601 2317 701 2363 haec
721 2316 859 2362 vertit
878 2316 1164 2378 peregrinam
1185 2314 1321 2366 litora
1338 2313 1537 2377 puppim,
1586 2314 1593 2322 '

348 2380 436 2430 me
455 2381 565 2428 mihi
582 2381 639 2428 de
659 2388 707 2428 te
722 2381 867 2428 multa
887 2390 1075 2444 rogatus
1097 2381 1203 2428 abit.
1556 2383 1624 2429 60

281 2446 525 2509 Quamque
545 2447 625 2493 tibi
648 2447 818 2502 reddat,
843 2447 879 2494 si
901 2455 951 2494 te
970 2443 1107 2495 modo
1127 2445 1293 2494 viderit
1311 2459 1526 2509 usquam),
1588 2462 1592 2469 ·

344 2511 560 2561 Traditur
581 2511 686 2559 huic
707 2511 861 2574 digitis
883 2514 1040 2560 charta
1061 2518 1218 2560 notata
1237 2510 1368 2559 meis:

280 2577 384 2626 Nos
408 2576 574 2640 Pylon,
596 2578 769 2638 antiqui
791 2575 961 2627 Neleia
981 2578 1195 2626 Nestoris
1210 2591 1332 2631 arva,

342 2642 587 2693 Misimus:
613 2643 788 2719 incerta
807 2650 880 2693 est
898 2644 1022 2693 sama
1042 2644 1233 2695 remissa
1253 2641 1388 2713 Pylo.
