1867 2942
314 136 386 182 60
654 125 973 181 R‘ovmn
1003 124 1304 176 NASONIS

320 262 567 309 Abstrahor
587 257 615 308 a
632 258 1017 322 patriispedibus3
1047 263 1307 320 raptamque
1325 254 1502 320 capillis

386 325 533 390 (Haec
553 326 715 372 meruit
733 324 873 386 pietas
893 321 1100 385 praemia)
1124 337 1278 369 carcer
1295 323 1442 369 habet.

321 391 503 440 Scilicet
522 406 582 437 ex
601 391 677 437 illo
698 388 898 438 Junonia
914 394 1146 450 permanet
1166 388 1257 444 ira;

389 454 979 510 Quobosexhomineest,
1002 447 1482 500 exbovefactaDea.

320 520 392 569 At
412 521 519 567 satis
539 527 608 566 est
627 532 777 581 poenae
796 526 995 566 teneram
1016 517 1218 578 mugisse
1234 517 1451 578 puellam:

388 585 505 638 Nec,
526 581 661 631 modo
681 583 938 637 formosam,
960 596 1095 644 posse
1113 582 1290 642 placere
1310 580 1436 630 Jovi.

321 650 512 698 Adstitit
531 650 583 696 in
599 645 695 711 ripa
712 648 865 709 liquidi
885 662 1007 693 nova
1025 661 1165 693 vacca
1182 645 1389 708 parentis,

390 713 659 776 Cornuaque
678 714 726 759 in
745 712 900 775 patriis
919 727 1013 759 non
1033 726 1115 757 sua
1133 710 1246 757 vidit
1265 710 1417 774 aquisz
1599 717 1672 760 90

324 776 590 841 Conatoque
609 779 732 840 queri
753 777 955 839 mugitus
974 775 1110 822 edidit
1130 791 1235 822 ore:
1653 781 1662 787 '

387 842 651 905 Territaque
670 850 739 890 est
758 839 914 897 forma,
937 840 1091 887 territa
1109 854 1224 887 voce
1243 837 1340 887 sui.

327 908 452 965 Quid
471 908 595 965 furis,
618 907 807 956 infelix?
839 906 947 967 quid
966 912 1014 951 te
1034 905 1206 952 miraris
1226 904 1275 951 in
1295 900 1484 951 umbra?

390 972 516 1028 Quid
536 988 743 1021 numeras
761 971 905 1018 factos
925 969 984 1017 ad
997 984 1117 1016 nova
1135 970 1333 1016 membra
1351 968 1522 1032 pedes?

324 1037 413 1086 Illa
431 1037 563 1087 Jovis
583 1038 737 1099 magni
755 1036 915 1098 pellex,
938 1034 1178 1081 metuenda
1197 1034 1350 1091 sorori,
1531 1058 1539 1063 ·

388 1101 569 1151 Fronde
586 1102 712 1149 levas
731 1101 913 1151 nimiam
935 1099 1261 1160 cespitibusque
1277 1097 1457 1146 famem.

325 1167 477 1215 Fonte
491 1167 621 1222 bibis,
639 1172 898 1228 spectasque
917 1170 1042 1210 tuam
1064 1163 1313 1226 stupefacta
1329 1162 1547 1226 figuram:

224 1268 227 1271 Α
389 1232 457 1280 Et
476 1238 524 1279 te
544 1246 602 1279 ne
621 1229 795 1286 feriant,
818 1244 918 1291 quae
940 1228 1075 1290 geris,
1097 1243 1232 1284 arma,
1254 1228 1400 1276 times.

326 1294 534 1359 Quasque
552 1291 700 1350 modo,
723 1301 775 1341 ut
792 1294 935 1375 possis
957 1294 1091 1340 etiam
1111 1291 1234 1342 Jove
1252 1292 1390 1356 digna
1410 1294 1564 1351 videri,
1643 1302 1656 1308 ‘

391 1361 540 1409 Dives
559 1375 685 1418 eras;
710 1359 828 1407 nuda
847 1359 969 1406 nuda
988 1358 1209 1406 recumbis
1227 1359 1380 1407 humo.
1557 1364 1665 1409 100

327 1425 419 1475 Per
438 1441 577 1481 mare,
594 1440 674 1488 per
694 1431 847 1479 terras,
868 1430 1148 1486 cognataque
1167 1422 1355 1472 flumina
1374 1425 1543 1481 curris;

391 1490 491 1539 Dat
510 1505 646 1545 mare,
673 1489 779 1537 dant
799 1505 968 1544 amnes,
991 1488 1068 1536 dat
1086 1489 1166 1535 tibi
1186 1495 1306 1536 terra
1324 1490 1460 1539 viam.
1671 1530 1678 1538 .

328 1555 451 1612 Quae
471 1556 551 1603 tibi
572 1554 861 1617 caussafugae
871 1554 895 1599 ἰ’
918 1554 1037 1615 quid,
1054 1551 1123 1608 16,
1140 1552 1255 1601 freta
1267 1554 1406 1617 longa
1413 1557 1657 1619 pererras?

390 1620 503 1668 Non
522 1620 688 1683 poteris
708 1620 860 1667 vultus
880 1618 1080 1681 effligere
1099 1618 1195 1680 ipsa
1214 1626 1332 1666 tuos.

325 1683 497 1743 Inachi,
519 1682 609 1748 qud
621 1698 831 1748 properas
843 1684 867 1730 ἲ
888 1683 1046 1732 eadem
1067 1680 1350 1745 sequerisque
1367 1682 1594 1751 fugisque-

391 1748 468 1799 Tu
490 1751 568 1798 tibi
588 1750 682 1798 dux
701 1750 880 1798 comiti:
906 1756 958 1796 tu
974 1764 1124 1796 comes
1143 1749 1241 1810 ipsa
1259 1748 1374 1795 duci.
1646 1758 1660 1765 ·

327 1815 419 1865 Per
440 1823 609 1880 septem
630 1814 769 1863 Nilus
786 1821 943 1878 portus
964 1815 1153 1862 emissus
1172 1815 1221 1861 in
1242 1828 1396 1875 aequor

390 1880 536 1931 Exuit
554 1882 725 1929 insanae
744 1880 913 1944 pellicis
934 1895 1014 1928 ora
1031 1879 1150 1929 bovi·

330 1947 506 1996 Ultima
524 1947 631 2010 quid
651 1946 853 2001 referam,
875 1960 1065 2008 quorum
1087 1944 1197 1991 mihi
1218 1959 1331 1993 cana
1350 1953 1557 1995 senectus
1719 1994 1732 1997 ,

391 2011 600 2059 Auctor?
633 2011 745 2059 dant
762 2011 867 2058 anni
887 2010 1008 2074 quod
1026 2024 1199 2072 querar,
1220 2025 1337 2066 ecce,
1359 2002 1465 2058 αἰεί.
1564 2015 1586 2057 1
1601 2016 1669 2062 10

325 2077 457 2126 Bella
475 2084 600 2140 pater
618 2084 890 2139 patruusque
907 2082 1099 2138 gerunt:
1138 2091 1369 2138 regnoque
1388 2075 1616 2143 domoque

393 2141 625 2190 Pellimur.
654 2140 841 2204 Ejectos
856 2141 1039 2188 ultimus
1054 2140 1173 2188 orbis
1187 2141 1335 2189 habet.

327 2204 415 2254 Ille
433 2206 564 2255 ferox
583 2206 704 2257 solus
725 2205 839 2254 solio
861 2211 1126 2268 sceptroque
1143 2205 1339 2268 potitur:

397 2269 517 2320 Cum
539 2286 646 2318 sene
666 2284 751 2320 nos
770 2271 894 2332 inopi
913 2271 1043 2317 turba
1061 2285 1279 2333 vagamur
1299 2271 1444 2334 inops.

329 2335 410 2385 De
427 2336 614 2384 fratrum
635 2336 799 2399 populo
818 2350 921 2398 pars
943 2335 1236 2398 exiguissima
1255 2341 1422 2394 ηιατυς

395 2400 577 2462 Quique
596 2401 688 2448 dati
701 2401 806 2456 leto,
828 2415 1019 2462 quaeque
1038 2397 1211 2456 dedere,
1235 2399 1337 2449 fleo.

328 2465 454 2517 Nam
473 2467 583 2512 mihi
603 2473 713 2527 quot
730 2464 903 2520 fratres,
925 2464 1112 2512 totidem
1133 2465 1305 2527 periere
1324 2478 1513 2515 sorores-

395 2529 601 2592 Accipiat
619 2530 823 2577 lacrimas
844 2537 1031 2590 utraque
1049 2530 1188 2585 turbu
1199 2543 1337 2578 meaa.

331 2593 409 2643 En
430 2609 530 2657 ego,
552 2591 672 2654 quod
693 2594 821 2649 vivis,
844 2608 995 2657 poenae
1017 2594 1254 2641 crucianda
1272 2609 1491 2646 reservor,
1661 2607 1672 2613 ·

398 2657 523 2715 Quid
541 2656 620 2707 fiet
634 2659 772 2713 sonti,
795 2654 901 2707 ciun
917 2675 998 2717 rea
1014 2659 1160 2709 laudis
1178 2657 1317 2722 agar?
1557 2666 1682 2715 ,120
