1867 2942
328 140 395 191 98
665 138 724 188 Ρ.
753 135 990 192 OVIDII
1021 133 1330 189 NASONIs

328 265 556 331 Denique,
577 269 686 319 dum
707 278 883 333 captam
904 276 957 318 tu
979 276 1027 317 te
1048 283 1215 330 cogare
1232 266 1380 325 fateri,

396 330 576 382 Insidiis
598 343 696 383 esto
718 344 849 398 capta
867 335 1019 398 puella
1039 335 1167 381 meis.
1388 369 1393 377 ,

329 395 553 446 Invidiam
573 401 737 462 patiar:
764 416 897 463 passo
920 416 1003 448 sua
1021 400 1209 462 praemia
1229 399 1406 447 dentur.

395 461 493 512 Cur
514 481 620 512 suus
636 463 664 512 ὲ
684 473 811 520 tanto
826 466 1021 513 crimine
1039 465 1214 511 fructus
1235 463 1393 511 abest?

333 526 573 579 Hesionen
595 530 830 586 Telamon,
854 530 1066 578 Briseida
1086 529 1208 591 cepit
1230 529 1468 580 Achilles:

397 593 605 657 Utraque
624 597 844 644 victorem
860 597 991 645 =victa
1010 602 1169 645 secuta
1184 610 1332 642 suum.
1606 597 1677 641 70

334 658 597 714 Quamlibet
619 677 816 716 accuses,
841 668 888 709 et
910 662 973 708 sis
996 662 1109 708 irata
1128 661 1313 718 licebit3

396 722 521 773 Irata
538 725 673 774 liceat
693 727 800 776 dum
823 727 932 773 mihi
955 742 1089 789 posse
1108 724 1213 775 frui.

330 787 475 846 Idem,
497 793 572 852 qui
594 792 799 847 facimus,
820 792 990 839 factam
1013 791 1299 843 tenuabimus
1319 790 1433 841 iram
1454 808 1467 837 :

397 853 543 919 Copia
561 858 794 920 placandae
815 859 875 906 sit
898 853 1035 905 modd
1056 871 1197 917 parva
1218 856 1301 902 tui.

330 918 459 970 Ante
480 929 582 970 tuos
604 923 791 971 flentem
812 923 947 971 liceat
969 922 1217 971 consistere
1237 920 1425 969 vultus:

396 985 464 1034 Et
482 988 616 1035 liceat
636 989 834 1036 lacrimis
856 987 1020 1035 addere
1042 987 1181 1035 verba
1202 987 1311 1039 suis,

332 1049 491 1112 thue
513 1054 662 1100 solent
683 1054 852 1107 famuli,
876 1049 983 1099 edm
1004 1053 1194 1105 verbeta
1214 1066 1341 1102 saeva
1360 1057 1597 1110 verentur,

395 1114 607 1165 Tendere
627 1119 870 1167 submissas
893 1118 952 1165 ad
974 1124 1053 1165 tua
1074 1131 1207 1165 crura
1223 1131 1408 1177 ‘manus-

330 1176 525 1245 Ignoras
547 1190 626 1230 tua
635 1185 768 1246 jurat
796 1199 932 1231 voca:
964 1198 1045 1231 cur
1066 1198 1236 1245 arguor
1254 1180 1447 1233 absens?

393 1244 668 1296 ,Iamdudum
691 1249 888 1299 dominae
907 1263 1037 1297 more
1056 1249 1215 1297 venire
1225 1249 1353 1310 jube.
1607 1252 1678 1295 80

331 1310 441 1375 Ipsa
461 1329 588 1361 meos
609 1315 787 1362 scindas
806 1310 917 1361 licet
935 1315 1178 1376 imperiosa
1197 1313 1399 1376 capillos,

395 1376 578 1440 Oraque
598 1380 690 1429 sint
710 1380 864 1442 digitis
878 1379 1019 1427 livida
1037 1379 1158 1433 facta
1177 1380 1295 1428 tuisz

330 1440 502 1490 Omnia
520 1446 767 1506 perpetiar:
795 1442 976 1493 tantdm
996 1444 1192 1493 fortasse
1212 1443 1396 1499 timebo,

399 1505 606 1570 Corpore
626 1510 817 1561 laedatur
837 1526 899 1559 ne
916 1524 1081 1558 manus
1101 1511 1190 1558 ista
1208 1525 1329 1559 meo.

331 1571 425 1621 Sed
446 1587 594 1635 neque
614 1576 916 1639 compedibus,
941 1591 1026 1624 nec
1047 1591 1123 1623 me
1144 1589 1384 1638 compesce
1404 1574 1606 1625 catenias

400 1637 623 1695 Servabor
644 1639 776 1689 firmo
797 1642 979 1690 vinctus
1000 1656 1157 1690 amore
1177 1642 1261 1695 tui.

334 1700 457 1754 cnm
478 1705 595 1755 bene
616 1722 680 1762 se,
703 1714 1015 1770 quantumque
1033 1707 1173 1762 volet,
1196 1705 1430 1755 satiaverit
1447 1705 1540 1764 ira3

275 1806 287 1818 κ
396 1767 506 1832 Ipsa
526 1771 606 1819 tibi
628 1773 764 1828 dices,
791 1770 945 1828 Quam
967 1773 1191 1836 patienter
1212 1771 1357 1823 amat!

330 1832 442 1905 Ipsa
460 1837 542 1885 tibi
563 1838 698 1894 dices,
722 1838 798 1887 ubi
818 1839 987 1886 videris
1008 1838 1161 1886 omnia
1178 1836 1321 1896 fen-03

397 1899 514 1949 Tam
536 1904 652 1951 bene
672 1904 748 1966 qui
772 1905 926 1960 servit,
951 1905 1123 1952 serviat
1142 1903 1232 1951 iste
1250 1901 1378 1952 mihi.
1583 1918 1588 1921 ·
1612 1904 1680 1952 90

330 1965 475 2015 Nunc
495 1983 599 2018 reus
620 1969 779 2019 infelix
799 1971 962 2019 absens
982 1985 1119 2031 agor:
1147 1976 1196 2016 et
1215 1984 1332 2024 mea,
1354 1969 1460 2017 cum
1482 1967 1546 2019 sit

396 2030 596 2096 Optima,
621 2050 714 2083 non
735 2035 831 2084 ullo
852 2050 1014 2083 caussa
1033 2041 1194 2083 tuente
1213 2035 1347 2096 perit.

328 2094 444 2145 Hoc
455 2113 648 2160 quoque,
664 2102 786 2162 quod
788 2102 869 2163 jus
875 2108 961 2156 est,
971 2101 1032 2149 sit
1045 2101 1261 2163 scriptum
1270 2099 1433 2163 injuria
1438 2104 1674 2151 nostum:

397 2160 537 2218 Quod
559 2165 616 2213 de
635 2180 711 2213 me
732 2167 831 2214 solo
853 2181 1019 2228 nempe
1039 2166 1255 2227 queraris,
1279 2166 1433 2213 habes.

330 2226 445 2276 Non
465 2231 633 2278 meruit
650 2230 745 2278 fani
767 2247 949 2280 mecum
972 2246 1152 2293 quoque
1168 2230 1322 2280 Delia.
1358 2229 1409 2278 si
1427 2243 1527 2279 non

396 2291 484 2342 Vis
506 2295 617 2343 mihi
636 2299 910 2358 promissum
931 2297 1134 2352 reddere,
1156 2296 1294 2345 redde
1316 2294 1455 2345 Deae.

331 2356 509 2414 Adfuit,
526 2368 575 2408 et
594 2361 720 2418 vidit,
743 2365 849 2411 cum
871 2370 924 2411 tu
946 2362 1135 2424 decepta
1153 2362 1364 2410 rubebas:

400 2422 470 2483 Et
484 2440 647 2474 vocem
667 2429 861 2477 memori
884 2428 1087 2476 condidit
1106 2442 1216 2474 aure
1234 2434 1379 2475 tuam.

331 2485 500 2536 Omina
521 2505 572 2537 re
592 2501 790 2540 careant.
820 2492 955 2541 Nihil
974 2499 1046 2542 est
1064 2492 1311 2542 violentius
1330 2489 1422 2544 illd,
1647 2534 1654 2541 ,

397 2550 523 2602 Οὺαι
536 2569 633 2611 sua,
654 2558 778 2616 quod
790 2558 950 2614 nolim,
971 2558 1160 2607 numina
1178 2557 1292 2607 laesa
1304 2557 1446 2607 videt-
1583 2559 1682 2604 100

328 2613 511 2682 [Testis
530 2620 618 2667 erit
641 2614 894 2683 Calydonis
914 2638 1039 2686 aper.
1079 2621 1207 2671 Nam
1228 2622 1415 2677 scimus,
1436 2626 1490 2669 ut
1509 2619 1591 2670 iun
1645 2629 1658 2639 ‘

397 2681 470 2730 Sit
489 2683 639 2748 magis
657 2685 707 2733 in
727 2694 887 2737 nanim
908 2703 1036 2739 σενι
1047 2695 1226 2752 reperta
1243 2683 1449 2751 patenas]
