1867 2942
573 128 950 187 HEROIDES.
984 134 1148 185 Erm-
1170 133 1268 184 111.
1518 166 1521 170 Δ
1552 135 1584 179 9

242 269 295 317 Si
318 270 559 331 progressa
577 269 737 324 forem,
761 285 943 332 caperer
964 266 1023 315 rie
1041 266 1162 314 forte
1184 266 1409 320 timebam,
1437 296 1440 300 -

313 334 576 389 Quamlibet
597 336 653 382 ad
676 335 845 385 Priami
867 350 1034 384 munus
1055 334 1174 380 itura
1195 347 1374 379 nurum.
1518 331 1585 373 20

243 400 342 447 Sed
363 401 469 447 data
489 401 586 455 sim,
609 402 715 462 quia
736 401 883 447 danda
900 400 995 446 fui:
1024 405 1095 445 tot
1117 399 1324 445 noctibus
1346 397 1517 449 absum,

313 464 420 512 Nec
441 475 631 527 repetor.
668 464 849 522 Cessas,
873 466 1028 525 iraque
1049 465 1172 510 lenta
1191 471 1271 510 tua
1291 469 1376 508 est.

240 530 356 594 Ipse
378 531 700 587 Menoetiades,
724 537 846 585 tunc,
869 527 975 576 cum
992 529 1207 584 tradebat,
1231 528 1279 574 in
1302 541 1473 582 aurem,

310 595 438 651 Quid
458 595 575 643 fles?
611 597 683 642 hic
703 612 842 658 parvo
864 604 1080 656 tempore,
1104 594 1231 649 dixit,
1253 593 1358 639 eris.‘

241 662 361 710 Non
376 662 592 724 repetisse
600 677 765 736 parum
782 668 873 708 est:
915 676 1108 722 pugnas,
1132 676 1190 707 ne
1202 659 1376 713 reddar,
1389 652 1584 704 Achille}

312 726 339 775 1
364 743 499 780 nunc,
522 734 569 774 et
591 727 739 789 cupidi
755 741 923 773 nomen
947 726 1140 772 amantis
1161 724 1287 770 habe.

242 793 490 841 Venerunt
510 794 567 840 ad
587 801 634 839 te
655 792 907 839 Telamone
928 799 977 838 et
1000 790 1261 851 Amyntore
1281 789 1406 845 nati5
1431 813 1436 817 -

311 857 402 906 Ine
422 859 567 921 gradu
586 859 770 921 propior
791 857 1039 918 sanguinis,
1061 855 1138 901 ille
1160 869 1340 901 comes:

240 923 505 986 Laertaque
527 932 680 980 satus;
713 938 795 985 per
817 937 932 983 quos
954 921 1168 967 comitata
1186 920 1392 966 redirem.

311 991 561 1038 Auxerunt
581 988 759 1036 blandae
777 987 969 1051 grandia
988 987 1107 1035 dona
1119 1000 1304 1047 preces:
1520 986 1587 1030 30

245 1056 433 1119 Viginti
451 1055 606 1102 fulvos
625 1070 818 1117 operoso
837 1068 896 1099 ex
918 1068 1010 1098 aere
1029 1052 1221 1108 lebetas3

312 1123 381 1170 Et
400 1121 602 1183 tripodas
623 1128 808 1183 septem,
830 1119 1032 1180 pondere
1046 1125 1093 1165 et
1114 1125 1212 1164 arte
1224 1115 1369 1178 pares.

245 1189 422 1237 Addita
442 1193 550 1235 sunt
570 1186 658 1234 illis
674 1187 770 1234 auri
790 1186 860 1232 bis
880 1185 1081 1246 quinque
1103 1184 1273 1231 talenta
1285 1199 1300 1228 ι

184 1267 195 1275 ·
315 1253 400 1302 Bis
422 1271 518 1309 sex,
537 1253 711 1300 adsueti
733 1252 916 1298 vincere
938 1265 1129 1311 semper,
1153 1249 1272 1310 equi.

246 1320 476 1382 Quodque
496 1334 838 1382 supervacuum,
859 1314 1009 1364 forma
1027 1320 1275 1378 praestante
1292 1312 1458 1375 puellae

314 1386 548 1440 Lesbides,
571 1383 731 1432 eversa
751 1397 943 1445 corpora
964 1388 1097 1444 capta
1117 1382 1268 1427 domo.
1565 1424 1572 1435 ,

248 1451 464 1514 Cumque
475 1460 546 1499 tot
558 1452 640 1507 his,
654 1451 756 1514 (sed
773 1464 868 1496 non
880 1463 995 1510 opus
1010 1454 1081 1494 est
1097 1447 1177 1492 tibi
1190 1440 1409 1509 conjuge)
1420 1435 1588 1508 corfini

313 1517 396 1566 Ex
411 1516 904 1580 Agamemnoniisuna
922 1513 1073 1576 puella
1089 1512 1248 1558 tribus.

248 1584 300 1633 Si
323 1585 403 1631 tibi
426 1586 482 1631 ab
503 1581 667 1630 Atrida
686 1582 833 1644 pretio
855 1579 1115 1627 redimenda
1134 1577 1337 1631 fuissem,
1571 1608 1576 1613 -

316 1650 439 1704 Quae
459 1650 566 1696 dare
587 1650 818 1702 debueras,
838 1646 1042 1707 accipere
1060 1644 1139 1691 illa
1158 1642 1301 1705 neges
1313 1641 1337 1687 ἰ’
1524 1641 1593 1686 40

250 1714 363 1772 Qui
376 1715 520 1762 merui
542 1712 674 1775 culpa
692 1712 790 1758 fieri
812 1712 893 1758 tibi
914 1710 1031 1765 vilis,
1055 1708 1238 1756 Achille
1251 1707 1274 1753 Ρ

318 1777 564 1835 Ωιιὸλενὶε
580 1778 608 1826 ὲ,
629 1778 758 1824 nobis
781 1785 875 1822 tam
897 1772 989 1823 citri
1008 1773 1130 1836 fugit
1153 1772 1314 1820 amor?
1345 1812 1350 1819 .
1419 1816 1424 1821 ,

252 1847 332 1894 An
353 1847 544 1894 niiseros
566 1843 709 1890 tristis
731 1841 916 1888 fortuna
934 1841 1155 1886 tenaciter
1176 1836 1378 1900 urguet?

241 1969 248 1974 ,
318 1911 421 1959 Nec
442 1912 569 1959 venit
589 1908 782 1969 inceptis
803 1905 984 1951 mollior
1004 1919 1113 1951 aura
1133 1902 1282 1949 meis?

249 1977 423 2028 Diruta
444 1977 601 2023 Marte
622 1983 703 2020 tuo
727 1971 957 2032 Lyrnesia
977 1969 1149 2017 moenia
1168 1968 1288 2014 vidi:

319 2043 386 2090 Et
404 2043 579 2089 fueram
600 2039 761 2102 patriae
776 2030 882 2098 pars
903 2050 994 2096 ego
1015 2049 1184 2096 magna
1203 2046 1334 2079 meae.

176 2154 181 2157 .
251 2109 361 2157 Vidi
381 2124 474 2170 ego
497 2112 732 2154 consortes
751 2103 917 2165 pariter
938 2099 1209 2162 generisque
1230 2098 1450 2159 necisque

317 2173 436 2221 Tres
458 2172 702 2220 cecidisset
743 2169 899 2224 tribus,
920 2182 1025 2228 quae
1047 2165 1170 2219 mihi,
1194 2173 1341 2211 mater
1362 2169 1474 2215 erat.

252 2240 364 2287 Vidi
380 2256 484 2302 ego,
505 2244 703 2300 quantus
725 2241 835 2289 erat,
854 2233 1010 2280 fusum
1033 2230 1195 2278 tellure
1216 2226 1414 2284 cruentii,

319 2304 515 2352 Pectora
525 2305 776 2366 jactantem
797 2297 1159 2362 sanguinolenta,
1181 2296 1346 2342 virum.
1529 2294 1598 2342 50

254 2369 349 2419 Tot
370 2378 523 2418 tamen
545 2369 721 2416 amissis
742 2375 789 2413 te
811 2363 1208 2426 compensavimus
1228 2375 1387 2407 unum.

318 2434 396 2484 Tu
417 2436 641 2488 dominus,
664 2440 716 2479 tu
736 2431 819 2487 vir,
843 2438 895 2476 tu
915 2430 1027 2475 mihi
1047 2427 1185 2474 frater
1207 2442 1323 2474 eras,

253 2501 330 2550 Tu
350 2502 478 2557 mihi,
489 2501 670 2563 juratus
690 2513 772 2560 per
793 2496 981 2543 numina
1002 2493 1171 2539 Matris
1190 2505 1389 2553 aquosae,

320 2567 454 2616 Utile
473 2566 650 2613 dicebas
670 2564 769 2626 ipse
788 2561 930 2608 fuisse
951 2558 1063 2621 capi.
1347 2582 1354 2587 „

255 2633 439 2687 Scilicet
459 2639 524 2687 ut,
546 2628 755 2693 quamvis
776 2627 958 2676 veniam
980 2625 1145 2678 dotata,
1170 2620 1361 2684 repellas
1373 2636 1390 2677 ;

321 2698 390 2750 Et
410 2712 591 2747 mecum
610 2694 779 2761 fugias,
800 2708 904 2756 quae
926 2690 1007 2740 tibi
1028 2689 1212 2748 dentur,
1229 2700 1354 2757 opes.
