<?xml version="1.0" encoding="UTF-8"?>
<!DOCTYPE html PUBLIC "-//W3C//DTD XHTML 1.0 Transitional//EN"
    "http://www.w3.org/TR/xhtml1/DTD/xhtml1-transitional.dtd">
<html xmlns="http://www.w3.org/1999/xhtml" xml:lang="en" lang="en">
 <head>
  <title>
</title>
<meta http-equiv="Content-Type" content="text/html;charset=utf-8" />
  <meta name='ocr-system' content='tesseract 3.04.00' />
  <meta name='ocr-capabilities' content='ocr_page ocr_carea ocr_par ocr_line ocrx_word'/>
</head>
<body>
  <div class='ocr_page' id='page_1' title='image "./povidiinasoniso00caregoog_0265.png"; bbox 0 0 1867 2942; ppageno 0'>
   <div class='ocr_carea' id='block_1_1' title="bbox 476 180 1558 233">
    <p class='ocr_par' dir='ltr' id='par_1_1' title="bbox 476 180 1558 233">
     <span class='ocr_line' id='line_1_1' title="bbox 476 180 1558 233; baseline -0.002 -1"><span class='ocrx_word' id='word_1_1' title='bbox 476 180 680 232; x_wconf 81' lang='lat' dir='ltr'>ARTIS</span> <span class='ocrx_word' id='word_1_2' title='bbox 712 180 1103 233; x_wconf 81' lang='lat' dir='ltr'><strong>AMATORIAE</strong></span> <span class='ocrx_word' id='word_1_3' title='bbox 1136 182 1240 230; x_wconf 75' lang='lat' dir='ltr'><strong>Lm.</strong></span> <span class='ocrx_word' id='word_1_4' title='bbox 1264 182 1332 231; x_wconf 87' lang='lat' dir='ltr'><strong>IL</strong></span> <span class='ocrx_word' id='word_1_5' title='bbox 1463 185 1558 230; x_wconf 74' lang='lat'><strong>223</strong></span> 
     </span>
    </p>
   </div>
   <div class='ocr_carea' id='block_1_2' title="bbox 164 310 1346 378">
    <p class='ocr_par' dir='ltr' id='par_1_2' title="bbox 164 310 1346 378">
     <span class='ocr_line' id='line_1_2' title="bbox 164 310 1346 378; baseline -0.003 -15"><span class='ocrx_word' id='word_1_6' title='bbox 164 355 170 363; x_wconf 90' lang='lat'><strong>.</strong></span> <span class='ocrx_word' id='word_1_7' title='bbox 238 310 352 362; x_wconf 87' lang='lat' dir='ltr'><strong>Hoc</strong></span> <span class='ocrx_word' id='word_1_8' title='bbox 372 313 510 360; x_wconf 82' lang='lat' dir='ltr'><strong>vetui.</strong></span> <span class='ocrx_word' id='word_1_9' title='bbox 560 311 661 361; x_wconf 82' lang='lat' dir='ltr'><strong>Vos</strong></span> <span class='ocrx_word' id='word_1_10' title='bbox 681 328 788 362; x_wconf 89' lang='lat' dir='ltr'><strong>ecce</strong></span> <span class='ocrx_word' id='word_1_11' title='bbox 808 321 934 361; x_wconf 84' lang='lat' dir='ltr'><strong>vetat</strong></span> <span class='ocrx_word' id='word_1_12' title='bbox 949 314 1168 378; x_wconf 82' lang='lat' dir='ltr'><strong>deprensa</strong></span> <span class='ocrx_word' id='word_1_13' title='bbox 1188 312 1346 361; x_wconf 87' lang='lat' dir='ltr'><strong>Dione</strong></span> 
     </span>
    </p>
   </div>
   <div class='ocr_carea' id='block_1_3' title="bbox 209 376 1565 2779">
    <p class='ocr_par' dir='ltr' id='par_1_3' title="bbox 209 376 1565 2779">
     <span class='ocr_line' id='line_1_3' title="bbox 299 376 1142 442; baseline 0.002 -18.015"><span class='ocrx_word' id='word_1_14' title='bbox 299 376 497 425; x_wconf 84' lang='lat' dir='ltr'><strong>Insidias</strong></span> <span class='ocrx_word' id='word_1_15' title='bbox 516 377 628 434; x_wconf 78' lang='lat' dir='ltr'><strong>illas,</strong></span> <span class='ocrx_word' id='word_1_16' title='bbox 650 394 762 441; x_wconf 89' lang='lat' dir='ltr'><strong>quas</strong></span> <span class='ocrx_word' id='word_1_17' title='bbox 783 379 918 426; x_wconf 89' lang='lat' dir='ltr'><strong>tulit</strong></span> <span class='ocrx_word' id='word_1_18' title='bbox 904 394 1013 441; x_wconf 75' lang='lat' dir='ltr'><strong>ipsa,</strong></span> <span class='ocrx_word' id='word_1_19' title='bbox 1035 380 1142 442; x_wconf 87' lang='lat' dir='ltr'><strong>pati.</strong></span> 
     </span>
     <span class='ocr_line' id='line_1_4' title="bbox 236 442 1299 506; baseline 0 -16"><span class='ocrx_word' id='word_1_20' title='bbox 236 442 345 490; x_wconf 81' lang='lat' dir='ltr'><strong>Nec</strong></span> <span class='ocrx_word' id='word_1_21' title='bbox 365 459 448 491; x_wconf 85' lang='lat' dir='ltr'><strong>vos</strong></span> <span class='ocrx_word' id='word_1_22' title='bbox 470 443 596 490; x_wconf 85' lang='lat' dir='ltr'><strong>rivali</strong></span> <span class='ocrx_word' id='word_1_23' title='bbox 690 459 800 491; x_wconf 85' lang='lat' dir='ltr'><strong>ueos</strong></span> <span class='ocrx_word' id='word_1_24' title='bbox 820 444 1068 506; x_wconf 77' lang='lat' dir='ltr'><strong>disponite.</strong></span> <span class='ocrx_word' id='word_1_25' title='bbox 1108 459 1193 491; x_wconf 88' lang='lat' dir='ltr'><strong>nec</strong></span> <span class='ocrx_word' id='word_1_26' title='bbox 1214 459 1299 491; x_wconf 74' lang='lat' dir='ltr'><strong>vos</strong></span> 
     </span>
     <span class='ocr_line' id='line_1_5' title="bbox 304 506 1198 570; baseline 0 -15"><span class='ocrx_word' id='word_1_27' title='bbox 304 506 515 570; x_wconf 83' lang='lat' dir='ltr'><strong>Excipite</strong></span> <span class='ocrx_word' id='word_1_28' title='bbox 535 522 667 556; x_wconf 86' lang='lat' dir='ltr'><strong>arcan</strong></span> <span class='ocrx_word' id='word_1_29' title='bbox 714 509 851 556; x_wconf 87' lang='lat' dir='ltr'><strong>verba</strong></span> <span class='ocrx_word' id='word_1_30' title='bbox 872 516 1031 556; x_wconf 84' lang='lat' dir='ltr'><strong>notata</strong></span> <span class='ocrx_word' id='word_1_31' title='bbox 1047 524 1198 556; x_wconf 87' lang='lat' dir='ltr'><strong>manu.</strong></span> 
     </span>
     <span class='ocr_line' id='line_1_6' title="bbox 239 570 1329 649; baseline 0.001 -30"><span class='ocrx_word' id='word_1_32' title='bbox 239 570 339 619; x_wconf 86' lang='lat' dir='ltr'><strong>Ista</strong></span> <span class='ocrx_word' id='word_1_33' title='bbox 357 573 441 620; x_wconf 82' lang='lat' dir='ltr'><strong>viri</strong></span> <span class='ocrx_word' id='word_1_34' title='bbox 462 579 642 634; x_wconf 84' lang='lat' dir='ltr'><strong>captent</strong></span> <span class='ocrx_word' id='word_1_35' title='bbox 660 573 754 636; x_wconf 72' lang='grc' dir='ltr'><strong>(εἷ’</strong></span> <span class='ocrx_word' id='word_1_36' title='bbox 733 589 831 649; x_wconf 80' lang='lat' dir='ltr'><strong>Jarn</strong></span> <span class='ocrx_word' id='word_1_37' title='bbox 854 574 1071 636; x_wconf 85' lang='lat' dir='ltr'><strong>captanda</strong></span> <span class='ocrx_word' id='word_1_38' title='bbox 1090 571 1329 637; x_wconf 75' lang='lat' dir='ltr'><strong>putabunt)</strong></span> 
     </span>
     <span class='ocr_line' id='line_1_7' title="bbox 298 636 1293 701; baseline 0.002 -18"><span class='ocrx_word' id='word_1_39' title='bbox 298 637 436 692; x_wconf 80' lang='lat' dir='ltr'><strong>Quos</strong></span> <span class='ocrx_word' id='word_1_40' title='bbox 455 636 626 684; x_wconf 75' lang='lat' dir='ltr'><strong>faciunt</strong></span> <span class='ocrx_word' id='word_1_41' title='bbox 636 639 788 701; x_wconf 82' lang='lat' dir='ltr'><strong>Justos</strong></span> <span class='ocrx_word' id='word_1_42' title='bbox 808 638 929 700; x_wconf 80' lang='lat' dir='ltr'><strong>ignis</strong></span> <span class='ocrx_word' id='word_1_43' title='bbox 950 646 996 685; x_wconf 91' lang='lat' dir='ltr'><strong>et</strong></span> <span class='ocrx_word' id='word_1_44' title='bbox 1017 639 1138 686; x_wconf 82' lang='lat' dir='ltr'><strong>unda</strong></span> <span class='ocrx_word' id='word_1_45' title='bbox 1156 639 1293 685; x_wconf 84' lang='lat' dir='ltr'><strong>viros.</strong></span> 
     </span>
     <span class='ocr_line' id='line_1_8' title="bbox 237 701 1447 766; baseline 0 -17"><span class='ocrx_word' id='word_1_46' title='bbox 237 701 316 749; x_wconf 87' lang='lat' dir='ltr'><strong>En</strong></span> <span class='ocrx_word' id='word_1_47' title='bbox 337 703 498 749; x_wconf 86' lang='lat' dir='ltr'><strong>iterum</strong></span> <span class='ocrx_word' id='word_1_48' title='bbox 519 710 684 750; x_wconf 80' lang='lat' dir='ltr'><strong>testor·</strong></span> <span class='ocrx_word' id='word_1_49' title='bbox 726 703 834 750; x_wconf 88' lang='lat' dir='ltr'><strong>nibil</strong></span> <span class='ocrx_word' id='word_1_50' title='bbox 856 703 942 757; x_wconf 85' lang='lat' dir='ltr'><strong>hic,</strong></span> <span class='ocrx_word' id='word_1_51' title='bbox 967 704 1053 750; x_wconf 86' lang='lat' dir='ltr'><strong>nisi</strong></span> <span class='ocrx_word' id='word_1_52' title='bbox 1074 703 1177 766; x_wconf 84' lang='lat' dir='ltr'><strong>lege</strong></span> <span class='ocrx_word' id='word_1_53' title='bbox 1197 703 1447 758; x_wconf 84' lang='lat' dir='ltr'><strong>remissum,</strong></span> 
     </span>
     <span class='ocr_line' id='line_1_9' title="bbox 302 764 1558 831; baseline 0.001 -18"><span class='ocrx_word' id='word_1_54' title='bbox 302 764 526 814; x_wconf 88' lang='lat' dir='ltr'><strong>Luditur·</strong></span> <span class='ocrx_word' id='word_1_55' title='bbox 564 768 611 814; x_wconf 89' lang='lat' dir='ltr'><strong>in</strong></span> <span class='ocrx_word' id='word_1_56' title='bbox 632 768 798 815; x_wconf 79' lang='lat' dir='ltr'><strong>nostris</strong></span> <span class='ocrx_word' id='word_1_57' title='bbox 818 768 973 814; x_wconf 87' lang='lat' dir='ltr'><strong>instita</strong></span> <span class='ocrx_word' id='word_1_58' title='bbox 993 767 1148 815; x_wconf 87' lang='lat' dir='ltr'><strong>nulla‘</strong></span> <span class='ocrx_word' id='word_1_59' title='bbox 1125 768 1261 831; x_wconf 84' lang='lat' dir='ltr'><strong>Jocis.</strong></span> <span class='ocrx_word' id='word_1_60' title='bbox 1461 769 1558 815; x_wconf 81' lang='grc'><strong>600</strong></span> 
     </span>
     <span class='ocr_line' id='line_1_10' title="bbox 237 829 1266 895; baseline 0 -16"><span class='ocrx_word' id='word_1_61' title='bbox 237 830 357 887; x_wconf 73' lang='lat' dir='ltr'><strong>Quis</strong></span> <span class='ocrx_word' id='word_1_62' title='bbox 381 829 559 880; x_wconf 83' lang='lat' dir='ltr'><strong>Cereris</strong></span> <span class='ocrx_word' id='word_1_63' title='bbox 579 833 692 880; x_wconf 83' lang='lat' dir='ltr'><strong>ritus</strong></span> <span class='ocrx_word' id='word_1_64' title='bbox 713 833 829 880; x_wconf 81' lang='lat' dir='ltr'><strong>ausit</strong></span> <span class='ocrx_word' id='word_1_65' title='bbox 849 833 1036 895; x_wconf 83' lang='lat' dir='ltr'><strong>vulgare</strong></span> <span class='ocrx_word' id='word_1_66' title='bbox 1056 832 1266 895; x_wconf 80' lang='lat' dir='ltr'>profanis,</span> 
     </span>
     <span class='ocr_line' id='line_1_11' title="bbox 301 895 1330 960; baseline -0.002 -16"><span class='ocrx_word' id='word_1_67' title='bbox 301 896 566 959; x_wconf 83' lang='lat' dir='ltr'><strong>Magnaque</strong></span> <span class='ocrx_word' id='word_1_68' title='bbox 580 895 794 944; x_wconf 69' lang='lat' dir='ltr'><strong>Threicia</strong></span> <span class='ocrx_word' id='word_1_69' title='bbox 812 913 940 945; x_wconf 88' lang='lat' dir='ltr'><strong>sacra</strong></span> <span class='ocrx_word' id='word_1_70' title='bbox 960 904 1134 960; x_wconf 86' lang='lat' dir='ltr'><strong>reperta</strong></span> <span class='ocrx_word' id='word_1_71' title='bbox 1156 897 1293 944; x_wconf 86' lang='lat' dir='ltr'><strong>Samo</strong></span> <span class='ocrx_word' id='word_1_72' title='bbox 1305 895 1330 942; x_wconf 69' lang='grc' dir='ltr'><strong>ἰ’</strong></span> 
     </span>
     <span class='ocr_line' id='line_1_12' title="bbox 236 960 1302 1039; baseline 0.001 -31"><span class='ocrx_word' id='word_1_73' title='bbox 236 960 423 1024; x_wconf 84' lang='lat' dir='ltr'><strong>Exigua</strong></span> <span class='ocrx_word' id='word_1_74' title='bbox 443 969 514 1009; x_wconf 84' lang='lat' dir='ltr'><strong>est</strong></span> <span class='ocrx_word' id='word_1_75' title='bbox 534 962 692 1039; x_wconf 63' lang='lat' dir='ltr'><strong>virtus3</strong></span> <span class='ocrx_word' id='word_1_76' title='bbox 712 970 926 1024; x_wconf 80' lang='lat' dir='ltr'><strong>praestare</strong></span> <span class='ocrx_word' id='word_1_77' title='bbox 949 962 1126 1009; x_wconf 89' lang='lat' dir='ltr'><strong>silentia</strong></span> <span class='ocrx_word' id='word_1_78' title='bbox 1146 963 1302 1009; x_wconf 82' lang='lat' dir='ltr'><strong>rebus.</strong></span> 
     </span>
     <span class='ocr_line' id='line_1_13' title="bbox 302 1023 1337 1089; baseline -0.001 -16"><span class='ocrx_word' id='word_1_79' title='bbox 302 1026 369 1073; x_wconf 86' lang='lat' dir='ltr'><strong>At</strong></span> <span class='ocrx_word' id='word_1_80' title='bbox 388 1023 545 1073; x_wconf 66' lang='lat' dir='ltr'><strong>contra</strong></span> <span class='ocrx_word' id='word_1_81' title='bbox 565 1027 717 1088; x_wconf 78' lang='lat' dir='ltr'><strong>gravis</strong></span> <span class='ocrx_word' id='word_1_82' title='bbox 738 1033 809 1075; x_wconf 84' lang='lat' dir='ltr'><strong>est</strong></span> <span class='ocrx_word' id='word_1_83' title='bbox 829 1027 970 1089; x_wconf 80' lang='lat' dir='ltr'><strong>culpa,</strong></span> <span class='ocrx_word' id='word_1_84' title='bbox 993 1027 1180 1075; x_wconf 86' lang='lat' dir='ltr'><strong>tacenda</strong></span> <span class='ocrx_word' id='word_1_85' title='bbox 1199 1026 1337 1087; x_wconf 88' lang='lat' dir='ltr'><strong>loqui.</strong></span> 
     </span>
     <span class='ocr_line' id='line_1_14' title="bbox 235 1089 1424 1171; baseline 0 -32"><span class='ocrx_word' id='word_1_86' title='bbox 235 1089 282 1139; x_wconf 89' lang='grc' dir='ltr'>Ο</span> <span class='ocrx_word' id='word_1_87' title='bbox 302 1091 446 1149; x_wconf 86' lang='lat' dir='ltr'><strong>bene;</strong></span> <span class='ocrx_word' id='word_1_88' title='bbox 475 1089 612 1153; x_wconf 73' lang='lat' dir='ltr'><strong>quod,</strong></span> <span class='ocrx_word' id='word_1_89' title='bbox 633 1089 801 1139; x_wconf 64' lang='lat' dir='ltr'><strong>frustra</strong></span> <span class='ocrx_word' id='word_1_90' title='bbox 821 1094 1006 1153; x_wconf 83' lang='lat' dir='ltr'><strong>captatis</strong></span> <span class='ocrx_word' id='word_1_91' title='bbox 1026 1093 1183 1139; x_wconf 89' lang='lat' dir='ltr'><strong>arbore</strong></span> <span class='ocrx_word' id='word_1_92' title='bbox 1202 1092 1362 1171; x_wconf 83' lang='lat' dir='ltr'><strong>pomis,</strong></span> <span class='ocrx_word' id='word_1_93' title='bbox 1420 1113 1424 1117; x_wconf 94' lang='lat'>·</span> 
     </span>
     <span class='ocr_line' id='line_1_15' title="bbox 303 1154 1278 1218; baseline -0.002 -14"><span class='ocrx_word' id='word_1_94' title='bbox 303 1156 557 1204; x_wconf 81' lang='lat' dir='ltr'>Garrulus</span> <span class='ocrx_word' id='word_1_95' title='bbox 544 1172 592 1203; x_wconf 87' lang='grc' dir='ltr'><strong>ιιι</strong></span> <span class='ocrx_word' id='word_1_96' title='bbox 614 1155 761 1204; x_wconf 88' lang='lat' dir='ltr'><strong>media</strong></span> <span class='ocrx_word' id='word_1_97' title='bbox 780 1156 999 1206; x_wconf 81' lang='lat' dir='ltr'><strong>Tantalus</strong></span> <span class='ocrx_word' id='word_1_98' title='bbox 1021 1164 1117 1205; x_wconf 85' lang='lat' dir='ltr'><strong>aret</strong></span> <span class='ocrx_word' id='word_1_99' title='bbox 1138 1154 1278 1218; x_wconf 82' lang='lat' dir='ltr'><strong>aqua!</strong></span> 
     </span>
     <span class='ocr_line' id='line_1_16' title="bbox 237 1218 1282 1285; baseline 0.001 -18"><span class='ocrx_word' id='word_1_100' title='bbox 237 1218 475 1284; x_wconf 84' lang='lat' dir='ltr'><strong>Praecipue</strong></span> <span class='ocrx_word' id='word_1_101' title='bbox 493 1221 720 1283; x_wconf 81' lang='lat' dir='ltr'><strong>Cytherea</strong></span> <span class='ocrx_word' id='word_1_102' title='bbox 729 1223 859 1285; x_wconf 86' lang='lat' dir='ltr'><strong>jubet</strong></span> <span class='ocrx_word' id='word_1_103' title='bbox 881 1237 963 1269; x_wconf 85' lang='lat' dir='ltr'><strong>sua</strong></span> <span class='ocrx_word' id='word_1_104' title='bbox 984 1237 1109 1269; x_wconf 87' lang='lat' dir='ltr'><strong>sacra</strong></span> <span class='ocrx_word' id='word_1_105' title='bbox 1130 1222 1282 1276; x_wconf 77' lang='lat' dir='ltr'><strong>taceri.</strong></span> 
     </span>
     <span class='ocr_line' id='line_1_17' title="bbox 303 1286 1306 1349; baseline 0.002 -18"><span class='ocrx_word' id='word_1_106' title='bbox 303 1286 556 1342; x_wconf 87' lang='lat' dir='ltr'><strong>Admoneo,</strong></span> <span class='ocrx_word' id='word_1_107' title='bbox 579 1287 731 1334; x_wconf 87' lang='lat' dir='ltr'><strong>veniat</strong></span> <span class='ocrx_word' id='word_1_108' title='bbox 751 1303 810 1334; x_wconf 90' lang='lat' dir='ltr'><strong>ne</strong></span> <span class='ocrx_word' id='word_1_109' title='bbox 831 1288 932 1349; x_wconf 86' lang='lat' dir='ltr'><strong>quis</strong></span> <span class='ocrx_word' id='word_1_110' title='bbox 953 1287 1011 1333; x_wconf 89' lang='lat' dir='ltr'><strong>ad</strong></span> <span class='ocrx_word' id='word_1_111' title='bbox 1030 1287 1106 1333; x_wconf 88' lang='lat' dir='ltr'><strong>illa</strong></span> <span class='ocrx_word' id='word_1_112' title='bbox 1125 1287 1306 1347; x_wconf 83' lang='lat' dir='ltr'><strong>loquax.</strong></span> 
     </span>
     <span class='ocr_line' id='line_1_18' title="bbox 238 1348 1361 1412; baseline -0.001 -12"><span class='ocrx_word' id='word_1_113' title='bbox 238 1348 436 1400; x_wconf 87' lang='lat' dir='ltr'><strong>Condita</strong></span> <span class='ocrx_word' id='word_1_114' title='bbox 456 1352 494 1397; x_wconf 89' lang='lat' dir='ltr'><strong>si</strong></span> <span class='ocrx_word' id='word_1_115' title='bbox 516 1367 607 1399; x_wconf 89' lang='lat' dir='ltr'><strong>non</strong></span> <span class='ocrx_word' id='word_1_116' title='bbox 632 1359 737 1399; x_wconf 85' lang='lat' dir='ltr'><strong>sunt</strong></span> <span class='ocrx_word' id='word_1_117' title='bbox 760 1350 954 1399; x_wconf 86' lang='lat' dir='ltr'><strong>Veneris</strong></span> <span class='ocrx_word' id='word_1_118' title='bbox 974 1351 1188 1412; x_wconf 84' lang='lat' dir='ltr'><strong>mysteria</strong></span> <span class='ocrx_word' id='word_1_119' title='bbox 1208 1352 1361 1410; x_wconf 82' lang='lat' dir='ltr'><strong>cistis;</strong></span> 
     </span>
     <span class='ocr_line' id='line_1_19' title="bbox 302 1415 1557 1465; baseline -0.001 -3"><span class='ocrx_word' id='word_1_120' title='bbox 302 1415 406 1463; x_wconf 89' lang='lat' dir='ltr'><strong>Nec</strong></span> <span class='ocrx_word' id='word_1_121' title='bbox 427 1431 537 1464; x_wconf 90' lang='lat' dir='ltr'><strong>cava</strong></span> <span class='ocrx_word' id='word_1_122' title='bbox 557 1418 734 1465; x_wconf 85' lang='lat' dir='ltr'><strong>vesanis</strong></span> <span class='ocrx_word' id='word_1_123' title='bbox 755 1418 917 1464; x_wconf 86' lang='lat' dir='ltr'><strong>ictibus</strong></span> <span class='ocrx_word' id='word_1_124' title='bbox 939 1432 1028 1464; x_wconf 91' lang='lat' dir='ltr'><strong>aera</strong></span> <span class='ocrx_word' id='word_1_125' title='bbox 1052 1423 1242 1464; x_wconf 82' lang='lat' dir='ltr'><strong>sonant.</strong></span> <span class='ocrx_word' id='word_1_126' title='bbox 1459 1417 1557 1464; x_wconf 87' lang='grc'><strong>610</strong></span> 
     </span>
     <span class='ocr_line' id='line_1_20' title="bbox 236 1479 1326 1531; baseline 0.002 -4"><span class='ocrx_word' id='word_1_127' title='bbox 236 1479 455 1528; x_wconf 76' lang='lat' dir='ltr'><strong>Attamen</strong></span> <span class='ocrx_word' id='word_1_128' title='bbox 477 1483 595 1530; x_wconf 86' lang='lat' dir='ltr'><strong>inter</strong></span> <span class='ocrx_word' id='word_1_129' title='bbox 616 1497 701 1530; x_wconf 83' lang='lat' dir='ltr'><strong>nos</strong></span> <span class='ocrx_word' id='word_1_130' title='bbox 721 1483 869 1531; x_wconf 89' lang='lat' dir='ltr'><strong>medio</strong></span> <span class='ocrx_word' id='word_1_131' title='bbox 890 1490 1131 1530; x_wconf 77' lang='lat' dir='ltr'><strong>versantur</strong></span> <span class='ocrx_word' id='word_1_132' title='bbox 1146 1482 1193 1527; x_wconf 91' lang='lat' dir='ltr'><strong>in</strong></span> <span class='ocrx_word' id='word_1_133' title='bbox 1216 1497 1326 1529; x_wconf 85' lang='lat' dir='ltr'><strong>usu:</strong></span> 
     </span>
     <span class='ocr_line' id='line_1_21' title="bbox 304 1545 1187 1603; baseline 0 -9"><span class='ocrx_word' id='word_1_134' title='bbox 304 1545 394 1593; x_wconf 86' lang='lat' dir='ltr'><strong>Sed</strong></span> <span class='ocrx_word' id='word_1_135' title='bbox 416 1547 493 1603; x_wconf 86' lang='lat' dir='ltr'><strong>sic,</strong></span> <span class='ocrx_word' id='word_1_136' title='bbox 516 1548 634 1594; x_wconf 89' lang='lat' dir='ltr'><strong>inter</strong></span> <span class='ocrx_word' id='word_1_137' title='bbox 650 1563 733 1595; x_wconf 87' lang='lat' dir='ltr'><strong>nos</strong></span> <span class='ocrx_word' id='word_1_138' title='bbox 755 1554 806 1595; x_wconf 90' lang='lat' dir='ltr'><strong>ut</strong></span> <span class='ocrx_word' id='word_1_139' title='bbox 825 1548 1011 1596; x_wconf 84' lang='lat' dir='ltr'><strong>latuisse</strong></span> <span class='ocrx_word' id='word_1_140' title='bbox 1032 1548 1187 1595; x_wconf 88' lang='lat' dir='ltr'><strong>velint.</strong></span> 
     </span>
     <span class='ocr_line' id='line_1_22' title="bbox 236 1608 1324 1674; baseline 0.001 -17"><span class='ocrx_word' id='word_1_141' title='bbox 236 1608 346 1673; x_wconf 88' lang='lat' dir='ltr'><strong>Ipsa</strong></span> <span class='ocrx_word' id='word_1_142' title='bbox 363 1610 522 1658; x_wconf 86' lang='lat' dir='ltr'><strong>Venus</strong></span> <span class='ocrx_word' id='word_1_143' title='bbox 542 1614 720 1673; x_wconf 86' lang='lat' dir='ltr'><strong>pubem,</strong></span> <span class='ocrx_word' id='word_1_144' title='bbox 742 1613 920 1672; x_wconf 89' lang='lat' dir='ltr'><strong>quoties</strong></span> <span class='ocrx_word' id='word_1_145' title='bbox 942 1613 1165 1659; x_wconf 88' lang='lat' dir='ltr'><strong>velamina</strong></span> <span class='ocrx_word' id='word_1_146' title='bbox 1183 1612 1324 1674; x_wconf 82' lang='lat' dir='ltr'><strong>ponit,</strong></span> 
     </span>
     <span class='ocr_line' id='line_1_23' title="bbox 301 1668 1539 1737; baseline -0.003 -16"><span class='ocrx_word' id='word_1_147' title='bbox 301 1668 565 1737; x_wconf 82' lang='lat' dir='ltr'><strong>Protegitur</strong></span> <span class='ocrx_word' id='word_1_148' title='bbox 583 1676 702 1722; x_wconf 69' lang='lat' dir='ltr'><strong>laeva</strong></span> <span class='ocrx_word' id='word_1_149' title='bbox 723 1676 1018 1723; x_wconf 83' lang='lat' dir='ltr'><strong>semireducta</strong></span> <span class='ocrx_word' id='word_1_150' title='bbox 1037 1691 1187 1722; x_wconf 86' lang='lat' dir='ltr'><strong>manu.</strong></span> <span class='ocrx_word' id='word_1_151' title='bbox 1526 1711 1539 1726; x_wconf 71' lang='grc'><strong>.,</strong></span> 
     </span>
     <span class='ocr_line' id='line_1_24' title="bbox 236 1737 1464 1801; baseline -0.001 -14"><span class='ocrx_word' id='word_1_152' title='bbox 236 1737 293 1787; x_wconf 88' lang='lat' dir='ltr'><strong>In</strong></span> <span class='ocrx_word' id='word_1_153' title='bbox 316 1740 465 1786; x_wconf 87' lang='lat' dir='ltr'><strong>medio</strong></span> <span class='ocrx_word' id='word_1_154' title='bbox 485 1740 738 1801; x_wconf 76' lang='lat' dir='ltr'><strong>passimque</strong></span> <span class='ocrx_word' id='word_1_155' title='bbox 760 1741 855 1787; x_wconf 82' lang='lat' dir='ltr'><strong>co&#39;it</strong></span> <span class='ocrx_word' id='word_1_156' title='bbox 872 1756 1024 1801; x_wconf 84' lang='lat' dir='ltr'><strong>pecus,</strong></span> <span class='ocrx_word' id='word_1_157' title='bbox 1047 1740 1135 1786; x_wconf 90' lang='lat' dir='ltr'><strong>hoc</strong></span> <span class='ocrx_word' id='word_1_158' title='bbox 1154 1754 1332 1800; x_wconf 91' lang='lat' dir='ltr'><strong>quoque</strong></span> <span class='ocrx_word' id='word_1_159' title='bbox 1351 1738 1464 1794; x_wconf 78' lang='lat' dir='ltr'><strong>viso,</strong></span> 
     </span>
     <span class='ocr_line' id='line_1_25' title="bbox 209 1804 1109 1867; baseline 0.001 -17"><span class='ocrx_word' id='word_1_160' title='bbox 209 1845 214 1850; x_wconf 89' lang='lat'>.</span> <span class='ocrx_word' id='word_1_161' title='bbox 300 1804 485 1852; x_wconf 86' lang='lat' dir='ltr'><strong>Avertit</strong></span> <span class='ocrx_word' id='word_1_162' title='bbox 505 1804 659 1851; x_wconf 86' lang='lat' dir='ltr'><strong>vultus</strong></span> <span class='ocrx_word' id='word_1_163' title='bbox 680 1820 800 1867; x_wconf 82' lang='lat' dir='ltr'><strong>saepe</strong></span> <span class='ocrx_word' id='word_1_164' title='bbox 819 1804 969 1866; x_wconf 88' lang='lat' dir='ltr'><strong>puella</strong></span> <span class='ocrx_word' id='word_1_165' title='bbox 989 1818 1109 1851; x_wconf 80' lang='lat' dir='ltr'><strong>suos.</strong></span> 
     </span>
     <span class='ocr_line' id='line_1_26' title="bbox 239 1868 1325 1933; baseline -0.004 -13"><span class='ocrx_word' id='word_1_166' title='bbox 239 1868 533 1920; x_wconf 86' lang='lat' dir='ltr'><strong>Conveniunt</strong></span> <span class='ocrx_word' id='word_1_167' title='bbox 552 1869 734 1916; x_wconf 83' lang='lat' dir='ltr'><strong>thalami</strong></span> <span class='ocrx_word' id='word_1_168' title='bbox 754 1869 886 1916; x_wconf 66' lang='lat' dir='ltr'><strong>fun-tis</strong></span> <span class='ocrx_word' id='word_1_169' title='bbox 907 1875 955 1916; x_wconf 88' lang='lat' dir='ltr'><strong>et</strong></span> <span class='ocrx_word' id='word_1_170' title='bbox 966 1872 1109 1933; x_wconf 85' lang='lat' dir='ltr'><strong>Janua</strong></span> <span class='ocrx_word' id='word_1_171' title='bbox 1130 1868 1325 1917; x_wconf 82' lang='lat' dir='ltr'><strong>nostris.</strong></span> 
     </span>
     <span class='ocr_line' id='line_1_27' title="bbox 302 1932 1310 1997; baseline 0 -16"><span class='ocrx_word' id='word_1_172' title='bbox 302 1933 505 1995; x_wconf 86' lang='lat' dir='ltr'><strong>Parsque</strong></span> <span class='ocrx_word' id='word_1_173' title='bbox 526 1935 610 1982; x_wconf 84' lang='lat' dir='ltr'><strong>sub</strong></span> <span class='ocrx_word' id='word_1_174' title='bbox 628 1932 793 1997; x_wconf 87' lang='lat' dir='ltr'><strong>injecta</strong></span> <span class='ocrx_word' id='word_1_175' title='bbox 812 1941 941 1982; x_wconf 89' lang='lat' dir='ltr'><strong>veste</strong></span> <span class='ocrx_word' id='word_1_176' title='bbox 960 1933 1168 1995; x_wconf 85' lang='lat' dir='ltr'><strong>pudenda</strong></span> <span class='ocrx_word' id='word_1_177' title='bbox 1186 1933 1310 1981; x_wconf 86' lang='lat' dir='ltr'><strong>latet.</strong></span> 
     </span>
     <span class='ocr_line' id='line_1_28' title="bbox 237 1998 1346 2061; baseline -0.003 -13"><span class='ocrx_word' id='word_1_178' title='bbox 237 1999 307 2048; x_wconf 89' lang='lat' dir='ltr'><strong>Et</strong></span> <span class='ocrx_word' id='word_1_179' title='bbox 327 2001 364 2047; x_wconf 82' lang='lat' dir='ltr'><strong>si</strong></span> <span class='ocrx_word' id='word_1_180' title='bbox 388 2015 480 2046; x_wconf 88' lang='lat' dir='ltr'><strong>non</strong></span> <span class='ocrx_word' id='word_1_181' title='bbox 502 2000 720 2054; x_wconf 81' lang='lat' dir='ltr'><strong>tenebras,</strong></span> <span class='ocrx_word' id='word_1_182' title='bbox 743 2006 789 2047; x_wconf 89' lang='lat' dir='ltr'><strong>at</strong></span> <span class='ocrx_word' id='word_1_183' title='bbox 810 1999 1019 2061; x_wconf 83' lang='lat' dir='ltr'><strong>quiddam</strong></span> <span class='ocrx_word' id='word_1_184' title='bbox 1041 1998 1172 2046; x_wconf 84' lang='lat' dir='ltr'><strong>nubis</strong></span> <span class='ocrx_word' id='word_1_185' title='bbox 1192 2012 1346 2060; x_wconf 84' lang='lat' dir='ltr'><strong>opacae</strong></span> 
     </span>
     <span class='ocr_line' id='line_1_29' title="bbox 304 2063 1563 2126; baseline -0.002 -14"><span class='ocrx_word' id='word_1_186' title='bbox 304 2065 588 2122; x_wconf 79' lang='lat' dir='ltr'><strong>Quaerimus;</strong></span> <span class='ocrx_word' id='word_1_187' title='bbox 623 2072 756 2126; x_wconf 90' lang='lat' dir='ltr'><strong>atque</strong></span> <span class='ocrx_word' id='word_1_188' title='bbox 771 2064 939 2125; x_wconf 87' lang='lat' dir='ltr'><strong>aliquid</strong></span> <span class='ocrx_word' id='word_1_189' title='bbox 957 2064 1060 2111; x_wconf 89' lang='lat' dir='ltr'><strong>luce</strong></span> <span class='ocrx_word' id='word_1_190' title='bbox 1072 2071 1254 2126; x_wconf 84' lang='lat' dir='ltr'><strong>patente</strong></span> <span class='ocrx_word' id='word_1_191' title='bbox 1268 2063 1432 2109; x_wconf 80' lang='lat' dir='ltr'><strong>minus.</strong></span> <span class='ocrx_word' id='word_1_192' title='bbox 1463 2065 1563 2110; x_wconf 74' lang='lat'><strong>620</strong></span> 
     </span>
     <span class='ocr_line' id='line_1_30' title="bbox 236 2126 1560 2193; baseline -0.004 -15"><span class='ocrx_word' id='word_1_193' title='bbox 236 2129 371 2178; x_wconf 87' lang='lat' dir='ltr'><strong>Tunc</strong></span> <span class='ocrx_word' id='word_1_194' title='bbox 378 2146 567 2193; x_wconf 87' lang='lat' dir='ltr'><strong>quoque,</strong></span> <span class='ocrx_word' id='word_1_195' title='bbox 586 2126 689 2176; x_wconf 69' lang='lat' dir='ltr'><strong>cum</strong></span> <span class='ocrx_word' id='word_1_196' title='bbox 696 2130 837 2177; x_wconf 84' lang='lat' dir='ltr'><strong>solem</strong></span> <span class='ocrx_word' id='word_1_197' title='bbox 847 2129 1046 2177; x_wconf 88' lang='lat' dir='ltr'><strong>nondum</strong></span> <span class='ocrx_word' id='word_1_198' title='bbox 1052 2128 1314 2192; x_wconf 81' lang='lat' dir='ltr'><strong>prohibebat</strong></span> <span class='ocrx_word' id='word_1_199' title='bbox 1321 2133 1368 2174; x_wconf 89' lang='lat' dir='ltr'><strong>et</strong></span> <span class='ocrx_word' id='word_1_200' title='bbox 1373 2127 1560 2174; x_wconf 84' lang='lat' dir='ltr'><strong>imbrem</strong></span> 
     </span>
     <span class='ocr_line' id='line_1_31' title="bbox 302 2192 1383 2272; baseline -0.003 -30"><span class='ocrx_word' id='word_1_201' title='bbox 302 2193 494 2258; x_wconf 79' lang='lat' dir='ltr'><strong>Tegula,</strong></span> <span class='ocrx_word' id='word_1_202' title='bbox 517 2195 597 2244; x_wconf 84' lang='lat' dir='ltr'><strong>sed</strong></span> <span class='ocrx_word' id='word_1_203' title='bbox 617 2210 810 2272; x_wconf 78' lang='lat' dir='ltr'><strong>quercus</strong></span> <span class='ocrx_word' id='word_1_204' title='bbox 831 2201 952 2243; x_wconf 86' lang='lat' dir='ltr'><strong>tecta</strong></span> <span class='ocrx_word' id='word_1_205' title='bbox 972 2194 1210 2254; x_wconf 86' lang='lat' dir='ltr'><strong>cibumque</strong></span> <span class='ocrx_word' id='word_1_206' title='bbox 1229 2192 1383 2251; x_wconf 79' lang='lat' dir='ltr'><strong>dabat3</strong></span> 
     </span>
     <span class='ocr_line' id='line_1_32' title="bbox 238 2257 1565 2322; baseline -0.004 -14"><span class='ocrx_word' id='word_1_207' title='bbox 238 2259 296 2308; x_wconf 88' lang='lat' dir='ltr'><strong>In</strong></span> <span class='ocrx_word' id='word_1_208' title='bbox 311 2276 495 2308; x_wconf 87' lang='lat' dir='ltr'><strong>nemore</strong></span> <span class='ocrx_word' id='word_1_209' title='bbox 506 2267 642 2322; x_wconf 89' lang='lat' dir='ltr'><strong>atque</strong></span> <span class='ocrx_word' id='word_1_210' title='bbox 653 2261 806 2315; x_wconf 83' lang='lat' dir='ltr'><strong>antris,</strong></span> <span class='ocrx_word' id='word_1_211' title='bbox 823 2276 914 2308; x_wconf 91' lang='lat' dir='ltr'><strong>non</strong></span> <span class='ocrx_word' id='word_1_212' title='bbox 930 2262 1014 2308; x_wconf 87' lang='lat' dir='ltr'><strong>sub</strong></span> <span class='ocrx_word' id='word_1_213' title='bbox 1027 2259 1161 2314; x_wconf 85' lang='lat' dir='ltr'><strong>Jove,</strong></span> <span class='ocrx_word' id='word_1_214' title='bbox 1169 2260 1332 2321; x_wconf 87' lang='lat' dir='ltr'><strong>juncta</strong></span> <span class='ocrx_word' id='word_1_215' title='bbox 1342 2257 1565 2320; x_wconf 81' lang='lat' dir='ltr'><strong>voluptas.</strong></span> 
     </span>
     <span class='ocr_line' id='line_1_33' title="bbox 234 2323 1221 2388; baseline -0.003 -15"><span class='ocrx_word' id='word_1_216' title='bbox 234 2365 240 2373; x_wconf 90' lang='lat'><strong>.</strong></span> <span class='ocrx_word' id='word_1_217' title='bbox 304 2323 454 2373; x_wconf 82' lang='lat' dir='ltr'><strong>Tanta</strong></span> <span class='ocrx_word' id='word_1_218' title='bbox 475 2325 574 2372; x_wconf 85' lang='lat' dir='ltr'><strong>rudi</strong></span> <span class='ocrx_word' id='word_1_219' title='bbox 593 2326 758 2388; x_wconf 86' lang='lat' dir='ltr'><strong>populo</strong></span> <span class='ocrx_word' id='word_1_220' title='bbox 781 2342 889 2373; x_wconf 87' lang='lat' dir='ltr'><strong>cura</strong></span> <span class='ocrx_word' id='word_1_221' title='bbox 908 2325 1090 2388; x_wconf 76' lang='lat' dir='ltr'><strong>pudor-is</strong></span> <span class='ocrx_word' id='word_1_222' title='bbox 1112 2330 1221 2371; x_wconf 85' lang='lat' dir='ltr'><strong>erat.</strong></span> 
     </span>
     <span class='ocr_line' id='line_1_34' title="bbox 237 2386 1329 2466; baseline -0.003 -28"><span class='ocrx_word' id='word_1_223' title='bbox 237 2390 307 2438; x_wconf 77' lang='lat' dir='ltr'><strong>At</strong></span> <span class='ocrx_word' id='word_1_224' title='bbox 328 2404 449 2437; x_wconf 89' lang='lat' dir='ltr'><strong>nunc</strong></span> <span class='ocrx_word' id='word_1_225' title='bbox 470 2391 703 2436; x_wconf 82' lang='lat' dir='ltr'><strong>nocturnis</strong></span> <span class='ocrx_word' id='word_1_226' title='bbox 723 2392 911 2437; x_wconf 86' lang='lat' dir='ltr'><strong>titulos</strong></span> <span class='ocrx_word' id='word_1_227' title='bbox 898 2390 1172 2466; x_wconf 75' lang='lat' dir='ltr'><strong>imponimus</strong></span> <span class='ocrx_word' id='word_1_228' title='bbox 1192 2386 1329 2436; x_wconf 83' lang='lat' dir='ltr'><strong>actis:</strong></span> 
     </span>
     <span class='ocr_line' id='line_1_35' title="bbox 304 2454 1349 2517; baseline -0.001 -15"><span class='ocrx_word' id='word_1_229' title='bbox 304 2455 462 2515; x_wconf 84' lang='lat' dir='ltr'><strong>Atque</strong></span> <span class='ocrx_word' id='word_1_230' title='bbox 481 2454 646 2501; x_wconf 87' lang='lat' dir='ltr'><strong>emitur</strong></span> <span class='ocrx_word' id='word_1_231' title='bbox 664 2470 833 2517; x_wconf 82' lang='lat' dir='ltr'><strong>magno</strong></span> <span class='ocrx_word' id='word_1_232' title='bbox 856 2455 931 2510; x_wconf 83' lang='lat' dir='ltr'><strong>nil,</strong></span> <span class='ocrx_word' id='word_1_233' title='bbox 956 2454 1042 2504; x_wconf 79' lang='lat' dir='ltr'><strong>nisi</strong></span> <span class='ocrx_word' id='word_1_234' title='bbox 1063 2468 1197 2516; x_wconf 83' lang='lat' dir='ltr'><strong>posse</strong></span> <span class='ocrx_word' id='word_1_235' title='bbox 1211 2454 1349 2515; x_wconf 88' lang='lat' dir='ltr'><strong>loqui.</strong></span> 
     </span>
     <span class='ocr_line' id='line_1_36' title="bbox 222 2519 1328 2581; baseline -0.001 -12.982"><span class='ocrx_word' id='word_1_236' title='bbox 222 2520 426 2568; x_wconf 85' lang='lat' dir='ltr'><strong>&#39;Scilicet</strong></span> <span class='ocrx_word' id='word_1_237' title='bbox 444 2519 646 2567; x_wconf 83' lang='lat' dir='ltr'><strong>excuties</strong></span> <span class='ocrx_word' id='word_1_238' title='bbox 668 2535 824 2566; x_wconf 84' lang='lat' dir='ltr'><strong>omnes</strong></span> <span class='ocrx_word' id='word_1_239' title='bbox 840 2520 1108 2581; x_wconf 87' lang='lat' dir='ltr'><strong>ubicumque</strong></span> <span class='ocrx_word' id='word_1_240' title='bbox 1126 2519 1328 2581; x_wconf 76' lang='lat' dir='ltr'><strong>puellas,</strong></span> 
     </span>
     <span class='ocr_line' id='line_1_37' title="bbox 308 2582 1449 2646; baseline -0.002 -14"><span class='ocrx_word' id='word_1_241' title='bbox 308 2582 506 2633; x_wconf 86' lang='lat' dir='ltr'><strong>Cuilibet</strong></span> <span class='ocrx_word' id='word_1_242' title='bbox 526 2590 578 2630; x_wconf 83' lang='lat' dir='ltr'><strong>ut</strong></span> <span class='ocrx_word' id='word_1_243' title='bbox 598 2584 732 2640; x_wconf 84' lang='lat' dir='ltr'><strong>dicas,</strong></span> <span class='ocrx_word' id='word_1_244' title='bbox 758 2582 880 2631; x_wconf 85' lang='lat' dir='ltr'><strong>Haec</strong></span> <span class='ocrx_word' id='word_1_245' title='bbox 901 2600 1081 2645; x_wconf 91' lang='lat' dir='ltr'><strong>quoque</strong></span> <span class='ocrx_word' id='word_1_246' title='bbox 1101 2591 1258 2642; x_wconf 81' lang='lat' dir='ltr'><strong>nostra</strong></span> <span class='ocrx_word' id='word_1_247' title='bbox 1275 2583 1391 2630; x_wconf 83' lang='lat' dir='ltr'><strong>fuit.</strong></span> <span class='ocrx_word' id='word_1_248' title='bbox 1444 2641 1449 2646; x_wconf 19' lang='grc' dir='ltr'><em>ι</em></span> 
     </span>
     <span class='ocr_line' id='line_1_38' title="bbox 241 2647 1332 2712; baseline -0.001 -15"><span class='ocrx_word' id='word_1_249' title='bbox 241 2647 320 2697; x_wconf 84' lang='lat' dir='ltr'><strong>Ne</strong></span> <span class='ocrx_word' id='word_1_250' title='bbox 340 2649 502 2710; x_wconf 82' lang='lat' dir='ltr'><strong>desint,</strong></span> <span class='ocrx_word' id='word_1_251' title='bbox 523 2664 634 2711; x_wconf 83' lang='lat' dir='ltr'><strong>quas</strong></span> <span class='ocrx_word' id='word_1_252' title='bbox 655 2656 705 2696; x_wconf 90' lang='lat' dir='ltr'><strong>tu</strong></span> <span class='ocrx_word' id='word_1_253' title='bbox 727 2649 881 2712; x_wconf 87' lang='lat' dir='ltr'><strong>digitis</strong></span> <span class='ocrx_word' id='word_1_254' title='bbox 901 2649 1138 2697; x_wconf 85' lang='lat' dir='ltr'><strong>ostendere</strong></span> <span class='ocrx_word' id='word_1_255' title='bbox 1156 2648 1332 2712; x_wconf 59' lang='lat' dir='ltr'><strong>possin</strong></span> 
     </span>
     <span class='ocr_line' id='line_1_39' title="bbox 309 2712 1476 2779; baseline -0.003 -16"><span class='ocrx_word' id='word_1_256' title='bbox 309 2712 381 2763; x_wconf 89' lang='lat' dir='ltr'><strong>Ut</strong></span> <span class='ocrx_word' id='word_1_257' title='bbox 401 2730 624 2777; x_wconf 84' lang='lat' dir='ltr'><strong>quamque</strong></span> <span class='ocrx_word' id='word_1_258' title='bbox 642 2715 861 2779; x_wconf 78' lang='lat' dir='ltr'><strong>attigeris,</strong></span> <span class='ocrx_word' id='word_1_259' title='bbox 881 2715 1035 2766; x_wconf 72' lang='lat' dir='ltr'><strong>fabula.</strong></span> <span class='ocrx_word' id='word_1_260' title='bbox 1052 2715 1195 2779; x_wconf 81' lang='lat' dir='ltr'><strong>turpis</strong></span> <span class='ocrx_word' id='word_1_261' title='bbox 1213 2714 1313 2763; x_wconf 86' lang='lat' dir='ltr'><strong>erit.</strong></span> <span class='ocrx_word' id='word_1_262' title='bbox 1462 2717 1476 2759; x_wconf 75' lang='lat' dir='ltr'><strong>t</strong></span> 
     </span>
    </p>
   </div>
  </div>
 </body>
</html>
