1867 2942
581 153 896 205 AMORUM
926 153 1034 204 Lu.
1056 152 1126 205 11.
1149 159 1225 204 15.
1486 164 1574 210 151

259 285 486 347 Pergama
505 285 611 333 cum
634 287 858 339 caderent,
875 285 994 332 bello
1015 293 1224 347 superata
1242 285 1447 349 bilustri3

325 350 403 397 Ex
423 357 506 406 tot,
528 351 575 396 in
595 349 757 401 Atrida
766 366 870 412 pars
891 359 1029 412 quota
1049 351 1192 398 laudis
1214 358 1311 399 erat
1325 352 1349 398 ἓ
1515 358 1577 402 10

257 414 332 463 At
348 431 451 462 mea
471 417 664 478 seposita
686 422 768 469 est,
792 423 839 463 et
860 417 915 462 ab
937 416 1060 462 omni
1082 416 1225 462 milite
1248 417 1417 465 dissors

325 480 510 528 Gloria:
549 496 633 527 nec
656 480 835 527 titulum
858 481 1058 527 muneris
1074 481 1187 526 alter
1209 482 1355 529 habet.

258 543 348 592 Me
363 545 476 592 duce
496 545 554 591 ad
574 546 689 592 hanc
706 545 800 592 voti
815 543 966 598 finem,
989 561 1063 592 me
1084 546 1226 592 milite
1246 548 1351 594 veni
1366 564 1387 605 ς

287 623 292 628 ’
325 607 433 671 Ipse
453 625 606 670 eques,
626 611 722 671 ipse
742 609 893 672 pedes,
916 609 1104 673 signifer
1126 611 1222 672 ipse
1241 610 1322 659 fui.

258 672 367 721 Nec
389 689 542 721 casum
563 675 745 722 fortuna
765 675 877 722 meis
898 676 1142 722 immiscuit
1161 677 1289 724 actis.

326 736 437 785 Huc
460 740 577 794 ades,
602 737 630 786 ὃ
647 737 754 786 curii
773 747 900 801 parte
921 738 1172 801 Triumphe
1192 738 1309 787 mea.

256 802 365 851 Nec
384 804 487 851 belli
510 820 629 851 nova
649 820 809 852 caussa
828 805 931 851 mei.
968 803 1070 850 Nisi
1093 810 1218 866 rapta
1237 804 1398 853 fuisset

255 901 260 904 v
323 866 563 929 Tyndaris,
587 870 788 930 Europae
809 884 898 930 pax
920 869 1138 928 Asiaeque
1156 868 1288 916 foret.

304 934 451 980 emina
472 934 701 981 silvestres
724 933 954 995 Lapithas,
970 934 1271 995 populumque
1289 934 1581 982 bimembrem

324 996 538 1059 Turpiter
558 999 762 1061 adposito
784 999 920 1045 vertit
940 999 988 1044 in
1011 1013 1137 1044 arma
1158 1014 1297 1045 mero.
1360 1039 1365 1044 ,
1514 1004 1581 1048 20

260 1060 452 1110 Femina
473 1063 696 1127 TroJanos
717 1064 878 1110 iterum
899 1063 997 1110 fera
1015 1062 1131 1109 bella
1150 1078 1335 1111 movere

329 1126 515 1189 Impulit
536 1129 582 1175 in
605 1144 766 1191 regno,
768 1129 897 1190 Juste
914 1126 1092 1181 Latine,
1117 1134 1209 1175 tuo.

260 1190 452 1239 Femina
475 1192 708 1248 Romanis,
726 1194 859 1239 etiam
882 1207 1008 1238 nunc
1035 1191 1160 1238 Urbe
1181 1194 1364 1249 recenti,

327 1255 524 1303 Immisit
544 1273 739 1312 soceros,
762 1272 975 1317 armaque
998 1271 1121 1303 saeva
1143 1258 1280 1304 dedit.

258 1319 371 1368 Vidi
392 1338 480 1384 ego
500 1339 582 1384 pro
605 1321 738 1370 nivei
757 1328 1014 1385 pugnantes
1035 1322 1229 1383 conjuge
1245 1328 1421 1370 tauros:

327 1386 580 1448 Spectatrix
600 1388 777 1435 animos
796 1388 894 1449 ipsa
905 1388 1107 1448 juvenca
1126 1387 1269 1434 dabat.

262 1448 350 1498 Me
371 1467 547 1514 quoque
567 1468 670 1499 curn
686 1453 854 1506 multis,
876 1452 958 1498 sed
975 1459 1051 1498 me
1070 1451 1172 1500 sine
1192 1451 1330 1509 caede,
1354 1448 1537 1514 Cupido

322 1515 358 1565 J
359 1518 471 1564 ussit
491 1518 663 1566 militioe
677 1518 812 1581 signa
830 1531 1016 1564 movere
1029 1531 1140 1565 ωε.

696 1707 964 1759 ELEGIA
998 1709 1147 1757 XIII.

262 1833 395 1886 Dm(
414 1835 656 1884 labefactat
675 1852 790 1885 onus
813 1838 990 1900 gravidi
1009 1839 1247 1887 temeraria
1266 1841 1455 1897 ventris,

326 1900 386 1950 In
409 1902 543 1949 dubio
564 1903 673 1950 vitae
692 1902 812 1951 lassa
833 1900 1040 1952 Corinna
1048 1904 1185 1965 jacet.

262 1965 353 2015 Illa
371 1968 565 2038 quidem,
588 1968 705 2016 clam
726 1982 801 2016 me
822 1974 998 2015 tanturn
1020 1969 1179 2015 molita
1197 1968 1365 2030 pericli,

328 2030 406 2080 Ira
427 2032 564 2095 digna
584 2032 707 2081 mei:
744 2033 826 2081 sed
848 2033 967 2080 cadit
986 2034 1053 2080 ira
1073 2040 1211 2079 metu.

264 2096 358 2145 Sed
377 2103 528 2144 tamen
550 2105 628 2146 aut
648 2113 709 2145 ex
728 2113 803 2146 me
825 2105 1120 2161 conceperam
1155 2104 1233 2145 aut
1254 2111 1343 2159 ego
1364 2097 1513 2146 credo.
1582 2117 1589 2124 ·

327 2160 418 2208 Est
438 2164 547 2209 mihi
568 2180 650 2227 pro
670 2164 791 2211 facto
814 2179 953 2226 saepe‚
977 2163 1097 2228 quod
1118 2178 1218 2209 esse
1238 2169 1401 2224 potest.

260 2224 344 2282 Isi,
369 2225 688 2284 Paraetonium,
709 2230 992 2292 genialiaque
1015 2244 1123 2276 arva
1146 2226 1323 2289 Canopi

330 2290 451 2346 Quae
473 2294 597 2348 colis,
618 2302 666 2341 et
687 2293 941 2358 Memphin,
962 2292 1328 2356 palmiferamque
1350 2291 1545 2348 Pharon,

239 2354 460 2416 ‘Quaque
481 2357 599 2405 celer
621 2358 769 2412 Nilus,
792 2359 884 2406 lato
906 2360 1101 2421 dilapsus
1117 2359 1172 2406 ab
1194 2359 1336 2414 alveo,

331 2418 424 2468 Per
444 2431 616 2483 septem
637 2430 793 2484 portus
811 2424 859 2469 in
880 2425 1017 2471 maris
1037 2424 1132 2470 exit
1151 2438 1288 2484 aquas
1300 2440 1316 2480 ς
1413 2449 1417 2454 ·
1517 2423 1579 2468 10

267 2483 359 2532 Per
379 2491 460 2533 tua
481 2488 615 2535 sistra
633 2502 804 2549 precor,
827 2502 907 2549 per
931 2488 1153 2536 Anubidis
1174 2504 1254 2536 ora
1272 2486 1487 2537 verendis
1570 2491 1577 2498 '

329 2549 407 2598 sic
426 2557 507 2599 tua
526 2567 653 2600 sacra
671 2552 772 2614 pius
793 2567 970 2613 semper
990 2551 1137 2600 Osiris
1156 2562 1293 2613 amet,

264 2612 320 2663 P‘
513 2618 688 2666 labatur
706 2617 826 2665 circa
844 2616 1029 2666 donaria
1047 2632 1243 2681 serpens,

375 2687 397 2728 t
414 2683 636 2734 comessa
656 2697 868 2748 pompam
889 2684 1098 2749 corniger
1118 2682 1237 2747 Apis
1251 2688 1353 2734 eata
