1867 2942
624 124 1003 213 'HEROIDES
1036 128 1200 179 Erum·
1224 128 1344 180 VII.
1575 135 1639 181 27

290 260 470 317 AEneas
491 261 634 308 oculis
657 277 834 325 semper
854 262 1087 325 vigilantis
1108 262 1331 310 inhaeret.

358 327 543 375 AEnean
566 327 716 374 animo
738 343 923 390 noxque
941 328 1123 388 diesque
1145 325 1295 374 refert.

194 430 203 433 -
285 392 380 441 Ille
400 393 579 455 quidem
603 389 722 440 male
741 400 912 455 gratus,
937 401 985 440 et
1004 393 1061 439 ad
1082 408 1183 439 mea
1203 408 1391 443 munera
1412 393 1604 452 sutdu33

356 458 425 505 Et
445 474 547 520 quo,
572 459 609 505 si
632 474 725 505 non
749 460 834 504 sim
858 459 1009 535 stulta⁸⁹
1033 473 1186 505 carere
1207 459 1369 506 velim:

283 523 403 575 Non
425 530 577 570 tamen
599 524 795 579 AEnean,
819 525 1026 586 quamvis
1046 519 1166 570 male
1187 525 1371 586 cogitat,
1394 524 1492 572 odi:

355 589 447 636 Sed
468 604 631 650 queror
651 589 852 644 infidum,
874 596 1122 652 questaque
1140 590 1268 651 pejus
1289 605 1407 636 amo.
1569 594 1639 637 50

281 653 435 701 Parce
455 653 616 702 Venus
637 657 785 710 nurui,
807 656 1061 717 durumque
1080 655 1352 716 amplectere
1370 654 1571 711 fratrem,

342 718 512 767 Frater
532 720 705 767 Amor:
747 721 905 768 castris
925 719 1090 766 militet
1109 720 1186 766 ille
1205 720 1311 767 tuis.

280 786 388 832 Aut
410 800 510 847 ego,
535 802 670 848 quem
692 787 811 847 coepi
834 787 1008 849 (neque
1027 785 1149 831 enim
1171 783 1414 848 dedignor)
1429 801 1582 835 amare
1593 803 1614 846 ς

347 850 595 899 Materiam
619 866 742 899 curae
763 852 965 912 praebeat
984 850 1063 896 ille
1082 865 1213 896 meae.

279 915 439 964 Pallor
457 933 473 973 ;
509 924 556 963 et
577 917 666 962 ista
686 916 798 961 mihi
819 912 937 962 fals&
950 915 1150 977 Jactatur
1169 916 1339 977 imago.

347 981 519 1028 Matris
539 982 596 1028 ab
617 981 805 1043 ingenio
825 979 1014 1028 dissidet
1034 979 1110 1026 iue'
1132 995 1243 1027 suae.

279 1046 353 1095 Te
374 1047 503 1109 lapi&
529 1052 576 1092 et
596 1054 789 1101 montes,
812 1046 1054 1107 inmtaque
1075 1046 1257 1108 rupibus
1278 1045 1383 1093 altis

343 1112 549 1167 Robora,
572 1118 621 1158 te
643 1126 782 1159 saevae
802 1126 1090 1174 progenuere
1105 1111 1247 1159 ferse:

272 1179 378 1226 Aut
397 1192 536 1232 mare,
559 1177 692 1239 quale
712 1177 840 1224 vides
861 1177 1023 1239 agitari
1044 1193 1166 1237 nunc
1186 1193 1366 1240 quoque
1384 1177 1559 1228 ventis:
1601 1223 1606 1228 .

342 1243 485 1298 Quod
505 1250 658 1290 tamen
681 1243 882 1290 adversis
903 1241 1116 1290 fluctibus
1135 1244 1203 1289 ire
1223 1259 1367 1305 pm.
1561 1248 1631 1292 40

273 1305 388 1364 Qu&
407 1308 565 1371 fugis?
599 1310 748 1356 obstat
768 1308 941 1355 hiems:
996 1309 1157 1355 hiemis
1179 1309 1288 1355 mihi
1308 1309 1457 1371 gratia
1475 1311 1632 1373 prosit.

339 1375 557 1438 Adspice,
582 1382 634 1421 ut
655 1390 836 1422 eversas
858 1374 1058 1421 concitet
1080 1373 1237 1421 Eurus
1259 1390 1411 1436 aquas.

273 1439 416 1497 Quod
437 1441 516 1487 tibi
538 1440 786 1495 maluerim,
811 1441 909 1487 sine
929 1454 1006 1487 me
1028 1440 1190 1487 debere
1208 1441 1435 1502 procellis.

336 1505 517 1554 Justior
538 1512 609 1553 est
629 1506 780 1554 animo
802 1513 969 1554 ventus
990 1512 1038 1553 et
1060 1506 1180 1552 unda
1199 1513 1294 1553 tuo.

268 1569 384 1618 Non
408 1587 496 1633 ego
519 1587 620 1618 sum
641 1572 768 1627 tanti,
795 1572 1026 1636 (quamvis
1047 1572 1282 1623 merearis,
1294 1569 1487 1634 inique‚)

340 1635 413 1683 Ut
433 1652 600 1698 pereas,
625 1637 733 1683 dum
753 1652 829 1684 me
848 1654 930 1700 per
949 1636 1067 1684 freta
1086 1637 1226 1699 longa
1243 1636 1381 1699 fugis.

269 1700 480 1748 Exerces
500 1703 695 1763 pretiosa
712 1704 830 1758 odia,
855 1710 902 1749 et
923 1703 1177 1749 constantia
1196 1717 1393 1766 magno3

342 1764 407 1821 si,
431 1767 535 1814 dum
556 1783 630 1815 me
650 1783 819 1822 careas,
842 1775 912 1814 est
931 1767 1011 1813 tibi
1034 1768 1125 1815 vile
1144 1768 1275 1815 mori.

258 1829 381 1881 Jam
403 1832 527 1878 venti
547 1844 742 1895 ponent3
779 1832 1011 1893 strataque
1032 1832 1264 1894 aequaliter
1284 1829 1418 1887 undfi,

338 1894 561 1946 Caeruleis
583 1897 748 1945 Triton
768 1914 851 1961 per
871 1913 997 1944 mare
1018 1906 1170 1944 curret
1190 1898 1333 1959 equis.
1559 1901 1626 1946 50

262 1961 344 2010 Tu
366 1978 545 2040 quoque
567 1979 671 2011 cum
690 1964 843 2011 ventis
865 1963 1039 2009 utinam
1061 1963 1288 2010 mutabilis
1309 1961 1464 2011 esses!

331 2027 412 2083 Et,
438 2029 523 2075 nisi
545 2027 710 2076 duriti&
731 2030 891 2077 robora
911 2028 1071 2082 vincia,
1094 2029 1197 2075 eris.

265 2092 431 2148 Quid?
467 2095 504 2141 si
526 2095 753 2150 nescieris,
776 2095 935 2142 insana
957 2093 1064 2155 quid
1086 2108 1269 2154 aequora
1287 2093 1463 2157 possint
1476 2094 1501 2140 ἰ’
1593 2096 1603 2125 ,·

331 2159 556 2222 Expertae
577 2161 712 2208 toties
734 2159 870 2222 qudm
892 2156 1014 2207 male
1036 2159 1183 2206 credis
1204 2159 1369 2220 aquae?

264 2223 337 2271 Ut
358 2226 522 2288 pelago
544 2227 761 2273 suadente
782 2227 918 2272 etiam
942 2224 1189 2272 retinacula
1210 2225 1375 2280 solvas,

328 2290 488 2337 Multa
507 2297 661 2338 tamen
683 2292 802 2338 latus
823 2292 971 2338 tristia
990 2298 1157 2352 pontus
1178 2291 1326 2337 habet.

257 2354 367 2402 Nec
388 2354 586 2403 violasse
605 2357 742 2403 fidem
764 2357 1043 2403 tentantibus
1065 2370 1249 2417 aequora
1266 2355 1470 2418 prodest.

327 2419 540 2468 Perfidiae
640 2437 721 2469 nas
743 2423 890 2484 exigit
909 2422 988 2468 ille
1007 2421 1151 2481 locus.

259 2484 414 2533 Praeci
446 2501 504 2533 ue
526 2502 552 2533 c
652 2487 791 2534 laesus
813 2487 989 2534 Amor:
1027 2482 1134 2548 quia
1152 2492 1298 2534 mater
1320 2487 1507 2536 Amoris

492 2551 778 2614 Cytheriacis
799 2552 921 2599 edita
939 2552 1083 2599 fertur
1103 2553 1244 2614 aquis.
1471 2584 1472 2589 =
1520 2594 1526 2599 .
1551 2558 1618 2601 60

258 2550 449 2665 Peydita
468 2633 530 2664 ne
549 2619 735 2680 perdam
757 2618 910 2673 timeo,
934 2633 1182 2666 noceamve
1203 2620 1384 2666 nocenti
1401 2628 1417 2676 ’ς

322 2681 437 2731 Neu
456 2683 580 2732 bibat
600 2698 834 2746 aequoreas
855 2682 1104 2747 naufragus
1121 2685 1270 2732 hostis
1290 2699 1443 2746 aquas.
1519 2722 1528 2729 .
