1867 2942
569 133 882 186 AMORUM
937 131 1573 192 Lm111.12.181

245 262 335 311 Me
355 264 519 311 lenone
538 265 709 327 placet:
750 266 862 313 duce
882 280 957 311 me
977 265 1219 327 perductus
1239 274 1425 315 amator.

314 329 464 377 Janua
479 346 557 392 per
580 337 753 377 nostras
775 339 844 377 est
864 331 1073 393 adaperta
1093 346 1267 379 manus.

244 395 325 441 An
347 396 531 456 prosint,
554 396 767 452 dubium;
802 403 1067 444 nocuerunt
1073 398 1272 444 carmina
1293 395 1427 446 certe.

312 457 505 507 Invidiae
526 461 690 507 nostris
711 461 787 507 illa
804 460 930 508 fuere
950 461 1093 509 bonis.

243 522 369 571 Chm
392 523 560 580 Thebe,
584 526 689 573 cum
710 525 851 588 Troja
869 524 1033 581 forent,
1063 528 1168 573 cum
1193 525 1392 597 Caesaris
1413 537 1542 587 καις

310 584 556 651 Ingenium
574 592 719 638 movit
738 592 834 638 sola
856 589 1060 639 Corinna
1079 607 1246 639 meum.
1549 625 1555 630 -

244 653 437 700 Aversis
459 654 629 701 utinam
651 656 900 717 tetigissem
913 656 1112 703 carmina
1132 656 1317 715 Musis;

312 717 513 766 Phoebus
533 728 579 766 et
599 721 828 782 inceptum
848 721 1123 768 destituisset
1143 720 1281 784 opus¹
1440 752 1462 768 .-

244 781 349 829 Nec
371 790 536 846 tanen,
558 792 612 830 ut
632 791 772 831 testes
793 801 893 832 mos
914 792 987 831 est
1005 785 1159 833 audire
1178 787 1348 847 poetas,

311 848 564 895 Malueram
585 850 734 896 verbis
755 851 929 912 pondus
951 851 1107 898 abesse
1125 851 1252 897 meis·
1509 856 1577 900 20

245 912 338 959 Per
361 928 445 960 nos
468 913 633 974 Scylla,
654 917 771 976 patri
792 930 928 962 canos
949 914 1096 962 furata
1109 916 1304 978 capillos,

311 976 439 1024 Pube
460 981 622 1040 premit
641 980 815 1027 rabidos
836 980 1183 1042 inguinibusque
1202 995 1352 1027 canes.

244 1041 350 1089 Nos
370 1043 555 1104 pedibus
574 1059 745 1105 pennas
759 1045 985 1100 dedimus.
998 1060 1087 1092 nos
1104 1044 1298 1093 crinibus
1320 1059 1508 1109 angues.
1580 1093 1585 1098 ,

159 1130 170 1135 ·
308 1106 471 1154 Victor
493 1109 767 1156 Abantiades
788 1110 893 1157 alite
909 1108 1057 1158 fertur
1077 1125 1207 1171 equo.

239 1171 374 1222 Idem
396 1188 477 1234 per
496 1174 688 1235 spatium
709 1173 884 1234 Tityon
904 1175 1187 1251 porreximus
1205 1175 1401 1237 ingens:

310 1236 377 1284 Et
397 1238 483 1284 tria
502 1239 683 1299 vipereo
702 1237 892 1286 fecimus
913 1255 994 1287 ora
1014 1240 1129 1288 cani.

244 1301 460 1349 Fecimus
480 1301 745 1351 Enceladon
758 1304 1036 1365 jaculantem
1056 1304 1180 1350 mille
1199 1268 1413 1362 lacertis,
1474 1331 1484 1336 -

311 1366 555 1428 Ambiguae
575 1376 730 1429 captos
749 1367 940 1429 virginis
962 1383 1042 1415 ore
1063 1370 1199 1415 viros.
1428 1392 1432 1395 ⁴

244 1430 427 1478 AEolios
448 1431 617 1488 Ithacis
638 1432 902 1479 inclusimus
922 1433 1095 1480 utribus
1115 1431 1290 1482 Euros:

312 1496 523 1544 Proditor
543 1499 589 1544 in
611 1497 761 1544 medio
780 1495 1003 1545 Tantalus
1020 1512 1158 1544 amne
1178 1499 1287 1546 sitit.
1512 1503 1580 1546 30

245 1560 327 1610 De
348 1561 501 1609 Niobe
519 1563 703 1618 silicem,
728 1562 783 1608 de
804 1562 981 1624 virgine
1001 1561 1190 1610 fecimus
1212 1579 1388 1611 ursam.

175 1668 186 1677 .
314 1624 529 1675 Concinit
549 1626 795 1687 Odrysium
820 1623 1037 1689 Cecropis
1057 1627 1152 1673 ales
1174 1625 1298 1688 Ityn.

242 1691 458 1755 Jupiter
446 1697 525 1737 aut
544 1692 592 1737 in
614 1706 734 1743 aves,
759 1697 836 1736 aut
857 1706 906 1737 se
928 1689 1249 1750 transformat
1237 1708 1285 1738 m
1307 1705 1492 1742 aurum·

312 1757 414 1804 Aut
434 1745 557 1801 secat
576 1751 785 1816 imposita
804 1754 982 1816 virgine
1004 1762 1157 1802 taurus
1179 1763 1330 1831 aquas.

245 1820 420 1869 Protea
438 1819 546 1880 quid
566 1818 768 1871 referam,
792 1814 1097 1879 Thebanaque
1117 1820 1300 1874 semina,
1324 1820 1480 1870 dentes
1491 1822 1515 1866 2

314 1886 408 1941 Qui
429 1890 664 1931 vomerent
685 1881 889 1929 flammas
908 1898 1000 1937 ore,
1024 1883 1162 1931 fixisse
1182 1885 1320 1932 boves
1332 1885 1354 1930 ἰ’

243 1951 383 2000 Flere
402 1949 535 2012 genis
555 1949 721 1996 electra
741 1955 854 2002 tuas,
878 1948 1069 2010 Auriga,
1091 1963 1267 1996 sorores
1281 1949 1304 1994 ἲ

314 2014 525 2075 Quaeque
547 2022 667 2061 rates
681 2012 862 2068 fuerint,
887 2028 1009 2060 nunc
1030 2015 1166 2060 maris
1187 2009 1289 2061 esse
1310 2014 1440 2062 Deas
1455 2015 1527 2061 ⁰?

246 2081 567 2141 Aversumque
589 2079 707 2128 diem
731 2078 900 2125 mensis
917 2077 1150 2128 furialibus
1171 2078 1341 2126 Atrei?

312 2145 536 2205 Duraque
556 2158 813 2208 percussam
838 2157 948 2190 saxa
967 2150 1122 2189 secuta
1142 2142 1324 2203 lyram?
1459 2194 1466 2198 ,
1519 2143 1589 2191 ’40

246 2210 363 2259 Exit
384 2212 430 2257 in
451 2211 720 2257 immensum
740 2208 934 2256 fecunda
952 2208 1134 2255 lieentia
1155 2215 1337 2258 vatum:

314 2275 499 2336 Obligat
519 2271 730 2322 historica
751 2289 835 2322 nec
857 2289 941 2322 sua
961 2274 1099 2320 verba
1118 2272 1219 2319 fide.

247 2340 317 2389 Et
338 2354 440 2402 mea
460 2338 672 2392 debuerat
688 2335 805 2386 falso
824 2339 1007 2386 laudata
1027 2338 1168 2388 videri

315 2404 519 2452 Femina.
570 2403 825 2452 Credulitas
841 2417 963 2452 nunc
984 2400 1093 2450 mihi
1117 2410 1270 2451 vestra
1289 2411 1438 2450 nocet.

321 2743 428 2775 vot„
449 2742 482 2775 1.
1167 2744 1199 2774 R
