1867 2942
327 189 426 233 224
595 173 604 178 “
668 184 722 233 P.
755 181 988 234 ovum
1020 179 1321 233 NASONIS

327 315 477 364 Parva
495 330 659 377 queror
671 333 686 362 ε
721 314 903 377 fingunt
922 316 1116 377 quidam,
1139 329 1245 377 quae
1264 322 1651 377 veranegarent,

392 380 459 428 Et
479 381 589 427 nulli
612 397 704 427 non
726 396 776 427 se
796 382 1093 428 concubuisse
1111 381 1279 427 ferunt.

330 443 535 508 Corpora
555 447 593 492 si
615 453 854 506 nequeunt,
878 461 982 507 quae
1001 451 1193 508 possunt
1212 446 1397 492 nomina
1419 451 1660 493 tractant:

393 510 633 573 Famaque,
656 527 748 558 non
769 518 891 557 tacto
912 521 1112 573 corpore,
1136 512 1306 558 crimen
1326 509 1480 557 habet.

328 574 354 621 1
378 591 510 631 nunc,
534 576 690 623 claude
709 577 843 631 fores,
866 583 1021 623 custos
1043 577 1209 628 odiose.
1230 575 1394 638 puellae
1406 592 1424 633 3

391 640 457 688 Et
477 648 658 688 centum
681 639 803 687 duris
821 641 1024 703 postibus
1045 642 1159 688 obde
1179 655 1315 688 seras.

329 705 453 761 Quid
474 706 558 753 tuti
581 713 794 769 superest,
817 707 922 752 chin
946 707 1141 753 nominis
1162 711 1289 752 ex'tat
1307 703 1511 763 adulter3

392 769 460 820 Et
479 771 612 826 credi,
635 771 756 832 quod
777 786 870 818 non
892 772 1085 834 contigit
1106 785 1217 827 esse,
1241 770 1402 832 cupit?

223 851 228 857 ·
326 835 429 883 Nos
450 836 585 883 etiam
607 849 740 883 veros
760 834 896 899 parce
914 835 1177 900 profitemur
1197 850 1400 883 amores:

391 899 624 961 Tectaque
646 908 753 947 sunt
774 899 914 948 solida
933 902 1130 962 mystica
1147 900 1268 949 furta
1287 900 1391 947 fide.
1560 904 1668 947 640

328 966 509 1013 Parcite
528 963 753 1029 praecipue
772 967 883 1013 vitia
902 967 1171 1029 exprobrare
1189 966 1368 1029 pueliae,

395 1031 522 1078 Utile
541 1037 645 1092 quae
664 1032 820 1078 multis
839 1029 1145 1079 dissimulasse
1163 1030 1266 1078 fuit.

328 1095 433 1143 Nec
457 1111 565 1144 suus
587 1096 895 1143 Andromedae
913 1097 1040 1144 color
1060 1104 1130 1143 est
1151 1097 1352 1159 objectus
1372 1095 1427 1141 ab
1448 1094 1545 1151 illo,

393 1160 582 1208 Mobilis
600 1162 649 1207 in
671 1161 856 1222 gemino
877 1162 951 1207 cui
972 1161 1085 1223 pede
1104 1173 1256 1223 penna
1272 1160 1375 1207 fuit.

329 1225 552 1273 Omnibus
574 1226 894 1274 Andromache
913 1226 1013 1272 visa
1032 1233 1102 1272 est
1204 1227 1361 1273 tioaior
1382 1239 1518 1286 aequo
1535 1243 1549 1272 t

395 1289 544 1345 Unus,
567 1291 644 1351 qui
665 1291 887 1337 modicam
909 1291 1092 1349 diceret,
1170 1297 1297 1338 ector
1316 1297 1427 1338 erat.

329 1354 468 1411 Quod
495 1353 615 1402 male
640 1354 746 1411 fers,
780 1357 1029 1414 adsuesce}
1058 1355 1177 1404 feres
1204 1357 1334 1404 bene.
1388 1354 1546 1403 Multa
1575 1371 1661 1404 ve·-

517 1426 660 1466 tustas

390 1483 556 1531 Lenit:
593 1490 642 1531 at
662 1484 881 1547 incipiens
902 1487 1057 1532 omnia
1078 1487 1216 1533 sentit
1236 1497 1375 1534 amor.

325 1548 454 1596 Dum
478 1563 624 1608 novus
645 1549 692 1596 in
713 1550 844 1597 viridi
866 1550 1078 1597 coalescit
1099 1552 1267 1598 cortice
1287 1566 1449 1606 ramus,

388 1612 632 1663 Concutiat
644 1620 850 1662 tenerum
870 1617 1085 1677 quaelibet
1105 1632 1226 1672 aura,
1249 1617 1393 1664 cadet.
1553 1618 1657 1668 650

322 1678 445 1728 Mox
466 1680 621 1726 eadem
642 1681 805 1735 ventis,
827 1682 972 1743 spatio
993 1682 1161 1736 durata,
1184 1683 1378 1737 resistet,

389 1744 629 1807 Firmaque
650 1746 880 1808 adoptivas
901 1748 1033 1793 arbor
1051 1748 1230 1793 habebit
1250 1753 1374 1809 opes.

320 1809 501 1859 Eximit
519 1811 618 1871 ipsa
636 1810 733 1857 dies
754 1826 912 1858 omnes
935 1808 963 1857 ὲ
985 1826 1172 1873 corpore
1192 1813 1379 1859 mendas
1393 1829 1407 1858 ι

389 1874 615 1936 Quodque
632 1873 720 1922 fuit
740 1876 914 1931 vitium,
938 1877 1104 1923 desinit
1125 1892 1226 1924 esse
1245 1874 1389 1925 mora.

320 1938 461 1987 Ferre
483 1954 617 1987 novae
637 1955 769 1988 nares
790 1947 1022 1988 taurorum
1044 1948 1175 2004 terga
1196 1947 1432 1990 recusant:

385 2005 590 2052 Adsiduo
611 2005 804 2052 domitas
823 2013 1029 2068 tempore
1047 2006 1164 2054 fallit
1185 2009 1312 2055 odor.

317 2065 595 2117 Nominibus
616 2070 792 2117 mollire
810 2071 917 2119 licet
938 2073 1069 2118 mala.
1116 2071 1268 2120 Fusca
1286 2078 1488 2126 vocetur,

384 2134 577 2197 Nigrior
598 2132 783 2195 Illyrica
804 2137 877 2183 cui
896 2138 1005 2199 pice·
1020 2139 1206 2201 sanguis
1225 2138 1334 2184 erit.-

320 2199 370 2246 Si
383 2206 511 2310 ἔθετε
530 2206 614 2254 est,
638 2198 810 2247 Veneri
832 2202 1017 2249 similist
1058 2204 1095 2248 si
1119 2202 1249 2258 flava,
1273 2202 1521 2249 Minervae.

418 2264 454 2308 it
474 2263 666 2324 gracilis,
690 2266 834 2311 macie
855 2281 959 2327 quae
978 2263 1098 2313 male
1120 2268 1225 2314 viva
1247 2266 1328 2314 sua
1349 2273 1434 2314 est.
1546 2267 1648 2313 660

245 2345 252 2350 ·
317 2326 411 2376 Dic
433 2327 637 2384 habilem,
667 2343 964 2391 quaecumqne
985 2332 1163 2388 brevis;
1198 2347 1301 2393 quae
1323 2331 1521 2393 turgida,
1545 2331 1647 2393 ple·

509 2405 645 2438 nam:

379 2452 446 2499 Et
464 2453 602 2502 lateat
621 2457 783 2504 vitium
803 2459 1092 2520 proximitate
1108 2460 1231 2506 boni.

316 2515 421 2562 Nec
440 2525 606 2577 quotus
627 2535 772 2567 annus
792 2530 879 2578 eat,
900 2538 987 2570 nec
1006 2539 1097 2584 quo
1119 2525 1178 2570 sit
1200 2530 1307 2570 nata
1326 2524 1509 2584 require

381 2577 611 2629 Consule:
681 2595 754 2631 uae
773 2586 949 2647 rigidus
966 2602 1157 2635 munera
1178 2586 1357 2636 Censor
1376 2588 1529 2637 habet.

315 2642 566 2704 Prae'dpui,
590 2646 627 2692 si
683 2662 764 2694 ore
782 2658 918 2706 oeret,
941 2651 1191 2713 meliusque
1209 2659 1443 2715 peractum
1618 2679 1630 2686 ·

374 2699 607 2768 Tempun
640 2716 688 2757 et
707 2710 1019 2777 albentes-,iam
1040 2716 1153 2780 legit
1172 2716 1251 2764 illa
1270 2730 1447 2764 comas.
1542 2737 1555 2747 ²

300 2841 348 2907 k
