1867 2942
302 154 370 200 68
580 192 587 199 .
639 150 699 200 Ρ.
729 147 963 200 ovum
995 146 1295 199 NasoNts

308 279 400 330 Illa
418 280 541 329 dedit
557 278 710 328 faciles
730 295 873 334 auras,
893 284 1147 340 ventosque
1166 279 1402 328 secundos.
1477 306 1483 311 -

374 344 896 407 Inmarenimirumjus
916 344 1312 393 habetortamari.

312 409 522 461 Perstet.
559 417 620 466 et,
641 417 695 457 ut
713 409 877 472 pelagi,
900 409 966 454 sic
986 409 1184 470 pectoris
1203 410 1387 473 adjuvet
1404 374 1584 462 mmm
1598 422 1636 463 t

378 475 608 524 Deferat
595 491 643 522 m
663 481 823 538 portus
843 481 890 520 et
910 489 1014 520 mea
1032 480 1143 520 vota
1162 490 1285 522 suos.

224 552 233 567 ‘
313 538 566 590 Attulimus
586 540 804 594 flammas,
828 554 921 586 non
945 539 1051 585 hic
1038 539 1307 595 invenimus,
1328 539 1443 589 illas.

379 604 477 653 11ae
497 606 606 652 mihi
628 612 721 653 tam
740 605 895 667 longae
916 619 1076 652 caussa
1094 604 1223 651 fuere
1241 605 1345 653 viae.

314 668 441 719 Nam
464 686 610 732 neque
629 672 770 718 tristis
784 671 942 724 hiems,
955 684 1105 730 neque
1116 685 1201 717 nos
1213 670 1303 717 huc
1316 671 1488 735 adpulit
1497 687 1662 724 error.

382 734 592 784 Taenaris
612 743 683 783 est
698 735 833 782 classi
854 742 975 782 terra
993 736 1135 797 petita
1154 751 1285 782 meae.
1578 743 1663 790 30

314 798 423 849 Nec
442 816 518 848 me
539 802 671 848 crede
690 801 856 848 fretum
877 816 1052 849 merces
1070 808 1282 862 portante
1301 798 1456 865 σαι-’μή

377 864 588 915 Findere.
612 867 752 922 Quas
770 867 926 921 habeo,
952 865 1022 912 Di
1041 872 1264 921 tueantur,
1287 882 1412 928 opes.

314 929 421 979 Nec
440 934 576 980 venio
599 933 775 994 Grajas,
797 932 941 978 veluti
963 937 1201 992 spectator,
1223 932 1281 979 ad
1295 933 1442 991 urbes.

376 995 556 1060 Oppida
575 1005 682 1045 sunt
702 997 833 1058 regni
853 997 1062 1042 divitiora
1081 996 1186 1042 mei.

311 1058 386 1110 Te
406 1069 542 1124 peto3
576 1077 712 1123 quam
731 1062 850 1108 lecto
871 1061 1044 1123 pepigit
1066 1059 1227 1108 Venus
1246 1075 1384 1110 aurea
1404 1068 1580 1112 nostro.

378 1126 451 1174 Te
469 1097 595 1189 prius
615 1128 778 1202 optavi,
801 1123 935 1186 quam
959 1127 1069 1172 mihi
1091 1132 1201 1173 nota
1218 1125 1355 1174 fores.

311 1188 443 1240 Ante
464 1198 567 1238 tuos
589 1193 739 1238 animo
759 1191 866 1246 vidi,
887 1188 1024 1251 quam
1045 1192 1228 1246 lumine,
1251 1192 1434 1240 vultus.

379 1254 535 1303 Prima
554 1255 641 1302 fuit
661 1255 814 1303 vultus
835 1257 996 1303 nuntia
1013 1255 1134 1303 fama
1155 1257 1236 1304 tui.

312 1319 419 1369 Nec
439 1328 593 1368 tamen
613 1328 685 1368 est
706 1321 883 1376 mirum,
910 1323 962 1377 si,
979 1322 1101 1368 sicut
1122 1327 1341 1382 oporteat,
1365 1337 1473 1370 arcu

379 1385 630 1434 Missilibus
651 1387 753 1433 telis
774 1388 952 1434 eminus
972 1387 1103 1442 ictus,
1128 1400 1246 1434 amo.
1575 1392 1646 1439 40

314 1451 393 1500 Sic
412 1451 581 1514 placuit
599 1451 735 1499 fatis:
774 1468 876 1512 quae
898 1468 959 1499 ne
980 1452 1235 1500 convellere
1254 1459 1417 1509 tentes,
1593 1454 1598 1459 ’

378 1515 552 1579 Accipe
572 1532 676 1564 eum
697 1516 808 1564 vera
827 1518 949 1565 dicta
969 1518 1111 1564 relata
1128 1517 1231 1573 fide,
1375 1536 1384 1541 ·
1459 1530 1464 1535 ·

315 1580 484 1629 Matris
505 1582 651 1630 adhuc
672 1589 813 1636 utero,
836 1591 968 1644 partu
990 1590 1259 1639 remorante,
1283 1584 1492 1631 tenebar.

374 1646 482 1696 Jam
503 1649 720 1710 gravidus
729 1649 861 1710 Justo
879 1649 1081 1711 pondere
1100 1656 1263 1695 venter
1282 1656 1394 1696 erat.

307 1709 399 1760 Illa
419 1713 502 1760 sibi
522 1713 758 1774 ingentem
780 1714 880 1761 visa
899 1721 970 1761 est
990 1714 1105 1761 sub
1092 1714 1293 1775 imagine
1312 1713 1461 1761 somni

376 1777 712 1826 Flammiferam
735 1779 871 1841 pleno
893 1780 1080 1826 reddere
1100 1786 1262 1826 ventre
1280 1778 1443 1826 facem.

306 1842 491 1891 Territa
510 1845 774 1907 consurgit·
759 1878 774 1902 ,
810 1845 1139 1906 metuendaque
1160 1844 1308 1891 noctis
1327 1858 1485 1908 opacae

373 1908 491 1956 Visa
511 1909 606 1956 seni
630 1908 827 1964 Priamo,
849 1910 1029 1956 vatibus
1048 1910 1137 1964 ille,
1160 1909 1313 1955 refert.

286 1976 529 2021 «Arsuram
554 1973 730 2022 Paridis
748 1982 879 2021 vates
898 1976 1023 2021 canit
1043 1973 1164 2021 Ilion
1184 1974 1302 2036 igni·

374 2038 593 2095 Pectoris,
616 2045 669 2086 ut
689 2054 812 2086 nunc
832 2048 915 2095 est,
937 2039 1018 2086 fax
1038 2039 1126 2085 suit
1146 2039 1224 2086 illa
1244 2038 1351 2086 mei.
1570 2042 1645 2089 50

307 2103 479 2153 Forma
497 2105 719 2166 vigorque
739 2105 890 2159 munii,
913 2105 1121 2165 quamvis
1143 2104 1201 2152 de
1219 2105 1350 2167 plebe
1368 2102 1570 2161 videbar,

370 2166 597 2218 Indicium
615 2176 754 2217 tectae
774 2170 1020 2216 nobilitatis
1039 2176 1182 2217 erant.
1296 2176 1302 2183 ‘

203 2246 207 2251 '
304 2232 398 2284 Est
416 2236 580 2283 locus'
567 2251 614 2282 m
640 2235 801 2282 mediae
823 2236 1075 2282 nemorosis
1094 2234 1287 2282 vallibus
1308 2232 1410 2282 16ae

370 2299 565 2356 Devius,
586 2308 635 2347 et
653 2301 794 2363 piceis
813 2301 1079 2361 ilicibusque
1097 2299 1341 2361 frequens.

303 2364 420 2420 Qui
421 2380 508 2412 nec
528 2368 629 2414 ovis
648 2366 852 2428 placidae,
876 2379 962 2412 nec
983 2366 1178 2412 amantis
1199 2379 1310 2412 saxa
1330 2361 1533 2427 capeflae,
1621 2366 1627 2371 ⁴

368 2429 473 2476 Nec
492 2432 648 2491 patulo
669 2432 811 2477 tardae
832 2432 1031 2492 carpitur
1049 2446 1130 2476 ore
1149 2430 1322 2477 bovis.

304 2490 437 2541 Hinc
454 2509 547 2556 ego
568 2494 817 2543 Dardaniae
837 2508 1007 2550 muros,
1030 2494 1300 2556 excelsaque
1320 2499 1458 2551 tecta,

365 2556 436 2607 Et
455 2558 572 2605 freta
591 2561 882 2622 prospiciens,
906 2562 1065 2625 arbore
1086 2561 1224 2606 nixus
1242 2568 1381 2606 eram.

300 2620 430 2735 Ee&
448 2623 666 2686 pedump
666 2624 767 2671 ulsu
788 2626 888 2672 visa
908 2633 982 2672 est
989 2618 1115 2672 mihi
1136 2628 1257 2670 terra
1277 2623 1462 2674 moveri
1468 2640 1484 2672 ε

414 2702 441 2736 e

442 2640 1302 2750 ralequarr'vefivixhabitura'fidem.
1421 2740 1426 2744 ,
1522 2648 1643 2738 ..oo
