1867 2942
300 111 364 158 τε
640 106 699 157 P.
730 92 967 157 ovmn
995 103 1338 157 NAsomsL

298 237 372 286 Te
395 239 542 302 rapuit
562 237 797 296 Theceoe3
830 238 1038 301 geminas
1059 235 1364 301 Leucippidas
1383 238 1478 288 illi:
1523 258 1526 263 >

369 303 573 359 Quartus
593 305 643 350 in
663 304 882 366 exemplis
903 304 1229 351 adnumerabor
1248 319 1353 366 ego.

303 367 451 418 Troia
471 368 627 416 classis
649 369 789 423 adest,
813 369 951 423 armis
971 369 1193 414 instructa
1213 369 1428 429 virisque.

368 432 476 483 Jam
497 433 667 481 facient
688 434 858 481 celeres
879 448 1033 480 remus
1055 440 1101 480 et
1124 447 1235 480 aura
1253 433 1368 481 vias.
1537 438 1662 483 330

305 497 403 546 Ibis
424 498 682 547 Dardanias
704 500 870 560 ingens
891 498 1053 560 regina
1071 513 1153 560 per
1174 498 1307 545 urbes
1321 517 1334 544 :

370 562 534 625 Teque
554 578 722 611 novam
745 563 901 611 credet
921 563 1089 624 vulgus
1112 563 1270 610 adesse
1291 562 1464 611 Deam.

304 627 507 690 Quique
524 628 645 677 feres
681 641 881 691 gressus,
905 627 1150 675 adolebunt
1170 630 1381 675 cinnama
1400 628 1644 689 flannnae,-
1677 670 1684 675 .

373 691 599 756 Caesaque
620 695 914 756 sanguineam
935 693 1123 740 victima
1143 694 1332 756 planget
1352 695 1543 741 humum
1556 711 1576 742 t

307 757 455 807 Dona
472 767 601 822 pater
618 760 884 820 fratresque,
909 765 957 804 et
978 773 1083 805 cum
1105 760 1340 820 genetrice
1359 775 1556 816 sorores,

358 823 630 887 =Iliadesque
651 840 825 879 omnes,
847 830 1037 885 totaque
1057 821 1210 886 Troja,
1234 824 1419 873 dabunt.

309 888 411 938 Hei
432 890 570 943 mihi!
605 906 710 953 pars
731 887 759 947 ὲ,
780 904 855 941 me
875 889 958 936 vix
980 889 1144 936 dicitur
1166 889 1257 936 ulla
1277 889 1434 937 futuri.

375 954 517 1013 Plura
535 955 668 1011 feres,
691 952 827 1017 quem
847 969 953 1016 quae
972 954 1105 1002 litera
1124 961 1282 1002 nostra
1302 954 1456 1002 refert.

310 1019 417 1068 Nec
440 1029 492 1069 tu
514 1028 642 1084 rapta
661 1021 784 1075 time,
808 1035 867 1067 ne
890 1034 976 1067 nos
997 1019 1094 1067 fers
1112 1019 1231 1066 bella
1252 1026 1534 1081 sequantui-3

375 1083 591 1135 Concitet
610 1093 659 1133 et
679 1085 799 1137 vires
829 1085 1016 1133 Graecia
1035 1099 1206 1147 magna
1225 1090 1345 1132 suas'.
1540 1088 1655 1135 340

310 1148 407 1198 Tot
427 1149 553 1213 prius
573 1151 788 1205 abductis,
811 1165 968 1211 ecquae
990 1151 1180 1212 repetita
1200 1165 1282 1213 per
1302 1164 1430 1199 arma
1448 1150 1556 1198 est?
1625 1184 1640 1193 .

377 1212 528 1264 Crede
550 1217 674 1271 mihi,
697 1230 842 1263 venos
866 1231 940 1262 res
961 1216 1095 1262 habet
1117 1215 1205 1262 ista
1226 1223 1391 1263 metus.

310 1278 517 1328 Nomine
649 1289 755 1327 runt
777 1280 1021 1342 Aquilonis
1043 1280 1291 1328 Erecbtida
1310 1279 1541 1330 Thmes:

377 1345 446 1393 Et
466 1352 566 1394 tuta
631 1346 753 1393 bello
775 1345 983 1394 Bistonis
1004 1361 1084 1394 ora
1103 1345 1207 1393 fuit.
1257 1384 1264 1389 .

313 1408 514 1458 Phaside
532 1426 684 1474 puppe
706 1409 827 1458 novi‘i
848 1412 975 1459 vexit
998 1408 1247 1473 Pagasaeus
1271 1409 1440 1462 Iiison:

376 1473 516 1523 Laesa
536 1492 621 1523 nec
644 1483 715 1524 est
738 1474 914 1526 Colcha
933 1474 1157 1523 Thessala
1177 1483 1300 1524 terra
1317 1492 1473 1525 manu.

311 1538 385 1587 Te
402 1555 586 1602 quoque
607 1542 682 1602 qui
705 1542 865 1603 rapuit,
897 1542 1048 1604 rapuit
1067 1540 1282 1588 Minoide
1301 1539 1540 1591 Theseus:

374 1603 521 1653 Nulla
540 1613 693 1654 tamen
716 1607 878 1654 Minos
901 1604 1066 1656 Cretas
1087 1607 1146 1655 ad
1165 1621 1292 1655 arma
1311 1615 1462 1655 vocat.

311 1669 484 1718 Terror
503 1672 553 1718 in
575 1673 645 1719 his
666 1673 765 1735 ipso
787 1672 931 1735 major
954 1672 1072 1721 solet
1091 1686 1192 1718 esse
1218 1672 1390 1734 periclo
1405 1690 1419 1719 ε
1619 1710 1630 1715 -

378 1736 588 1798 Quaeque
608 1738 769 1785 timere
788 1738 910 1791 libet,
932 1737 1220 1799 pertimuisse
1238 1737 1392 1800 pudet.
1543 1741 1654 1788 350

311 1800 463 1865 Finge
484 1809 653 1858 tamen,
677 1803 714 1850 si
737 1803 820 1857 vis,
842 1802 1008 1864 ingens
1029 1817 1308 1865 consurgere
1327 1802 1524 1851 bellum:
1637 1815 1643 1819 ⁴

377 1867 444 1915 Et
463 1868 574 1914 mihi
597 1874 705 1914 sunt
724 1868 872 1914 vires:
912 1875 962 1914 et
982 1882 1085 1916 mea
1107 1868 1200 1915 tela
1221 1874 1403 1915 nocent.
1455 1906 1461 1911 .

311 1931 417 1980 Nec
439 1934 588 1979 minor
608 1939 680 1980 est
701 1931 843 1987 Asiae,
867 1930 1004 1994 quiam
1026 1941 1192 1980 vestrae
1223 1934 1353 1994 copia
1374 1939 1540 1982 terrae:
1613 1970 1624 1979 .

377 1996 465 2045 Iun
486 1998 595 2045 viris
616 1999 756 2053 dives,
781 1998 907 2045 dives
928 1998 1126 2045 abundat
1146 1997 1289 2058 equis.

310 2061 417 2110 Nec
437 2064 540 2126 plus
567 2063 752 2111 Atrides
773 2064 911 2110 animi
934 2062 1179 2110 Menelaus
1199 2063 1391 2119 habebit,

264 2130 277 2134 “
377 2126 531 2183 Quem
560 2128 718 2186 Paris;
752 2137 832 2175 aut
853 2129 990 2176 armis
1012 2127 1330 2176 anteferendus
1350 2129 1450 2176 erit.

311 2191 443 2242 Pene
464 2209 577 2255 puer
597 2194 729 2242 caesis
749 2193 941 2241 abducta
961 2201 1166 2240 armenta
1186 2194 1335 2256 recepi

377 2258 634 2306 Hostibus:
674 2266 722 2307 et
742 2274 949 2305 caussam
973 2259 1168 2306 nominis
1190 2258 1297 2307 inde
1319 2257 1417 2306 tuli.

313 2320 445 2371 Pene
467 2318 580 2385 piaer
599 2325 727 2372 vario
738 2326 935 2387 Juvenes
951 2325 1198 2371 certamine
1216 2324 1321 2379 vici,

374 2386 433 2435 In
455 2390 615 2450 quibus
638 2388 854 2447 Ilioneus,
878 2389 1239 2450 Deiphobusque
1258 2390 1360 2436 suit.
1543 2392 1646 2438 360

308 2452 445 2500 Neve
465 2461 610 2515 putes,
632 2469 727 2503 non
748 2469 835 2509 me,
859 2455 946 2501 nisi
968 2454 1188 2508 cominus,
1212 2469 1314 2502 esse
1334 2453 1614 2503 timendum=

375 2517 556 2581 Figitur
577 2519 769 2581 injusso
791 2525 949 2571 nostra
970 2519 1139 2581 sagitta
1159 2519 1278 2566 loco.
1341 2560 1350 2579 ,

306 2581 438 2631 Num
459 2590 590 2645 potes
610 2583 710 2633 baec
731 2584 795 2630 illi
816 2585 978 2644 primae
999 2584 1106 2631 dare
1123 2583 1246 2632 facta
1255 2584 1467 2646 juventae
1481 2581 1505 2629 ’ἒ

373 2645 607 2697 Instruere
627 2648 825 2698 Atriden
847 2663 959 2696 num
979 2655 1110 2713 potes
1131 2654 1230 2701 arte
1250 2646 1389 2697 med?
