1867 2942
302 180 373 227 80
646 170 702 224 P.
735 164 971 223 ovmn
1002 164 1306 222 NASONIS

303 306 468 357 Altera
484 305 563 355 vel
580 300 732 368 potius
751 304 864 352 felix
886 306 987 353 aine
1008 304 1199 351 crimine
1218 302 1313 360 fiat,

368 369 523 429 Quim
545 371 676 418 eadat
696 379 887 418 externo
910 377 1067 417 noster
1087 380 1243 417 amore
1260 370 1424 431 pudor.

303 436 453 487 Disce
472 446 577 484 meo
598 436 820 498 exemplo,
842 436 1056 484 formosis
1074 448 1211 498 posse
1231 446 1401 483 carere.

370 502 462 551 Est
482 503 628 550 virtus
648 503 826 565 placitis
847 502 1118 549 abstinuisse
1136 501 1283 548 bonis.

306 567 460 625 Quam
482 567 651 615 multos
672 567 829 614 credas
840 567 1038 629 juvenes
1058 573 1228 629 optare,
1250 565 1376 627 quod
1677 596 1684 605 .

370 633 466 688 Qui
489 634 664 694 sapiant
677 633 702 678 ’ἓ
735 633 892 680 oculos
914 647 973 680 an
998 630 1130 679 Paris
1149 644 1270 679 unus
1290 631 1429 679 babes
1557 634 1661 681 loo

303 697 418 748 Non
439 705 491 746 tu
511 699 614 761 plus
635 699 809 745 cernis:
850 698 930 745 sed
951 699 1057 760 plus
1077 699 1346 745 temerarius
1367 697 1530 745 audes-

367 763 472 812 Nec
494 760 574 812 tibi
594 765 698 827 plus
718 763 880 818 cordia,
904 764 986 812 sed
1006 764 1155 824 magis
1178 763 1286 818 oris,
1307 763 1445 812 inest.

303 827 440 878 Tune
461 846 551 892 ego
572 836 621 877 te
640 830 806 877 vellem
829 829 966 875 celeri
987 830 1169 876 venisse
1188 822 1355 884 earini,

371 892 493 945 Cum
515 911 620 942 mea
637 896 877 958 virginitas
898 894 1025 941 mille
1045 894 1186 955 petita
1205 897 1373 955 procia·

304 960 354 1009 si
378 967 427 1008 te
446 962 674 1016 vidissem,
696 962 871 1023 primus
893 960 952 1007 de
971 959 1097 1006 mille
1113 958 1296 1006 fuisses.

366 1024 551 1075 Judicio
572 1027 753 1072 veniam
775 1026 847 1072 vir
868 1026 992 1072 dabit
1011 1025 1110 1087 ipse
1129 1039 1250 1072 meo.

304 1091 381 1140 Ad
401 1105 611 1153 possessa
630 1091 761 1137 venis
780 1088 1279 1153 praeceptaquegauffia
1300 1098 1445 1138 serui.

369 1156 484 1218 Spes
504 1162 585 1202 tua
604 1156 729 1202 lenta
748 1155 864 1202 fuitz
905 1156 1028 1216 quod
1047 1157 1179 1217 petis,
1202 1155 1318 1203 alter
1337 1156 1490 1204 habet.

304 1220 377 1270 Ut
397 1228 549 1267 tamen
572 1227 775 1282 optarem
796 1219 895 1267 fleri
916 1221 998 1268 tibi
1018 1219 1165 1268 Troia
1185 1222 1370 1284 conjux,

369 1285 566 1333 Inritam
591 1287 656 1332 sic
678 1301 753 1332 me
774 1301 858 1333 nec
881 1285 1129 1334 Menelaus
1148 1286 1298 1335 habet.
1545 1291 1569 1334 1
1583 1291 1650 1336 10

300 1351 482 1400 Desine
500 1352 651 1406 molle,
672 1366 845 1413 precor,
868 1353 1019 1399 verbis
1039 1352 1299 1399 convellere
1315 1351 1525 1414 peetun'

369 1415 506 1464 Neve
527 1417 651 1471 mihi,
675 1430 810 1477 quam
833 1422 880 1464 te
902 1418 1015 1464 dieis
1037 1432 1201 1474 amare,
1225 1431 1356 1465 noce.

301 1481 395 1529 Sed
417 1483 528 1537 sine,
550 1496 684 1543 quam
705 1482 862 1529 tribuit
883 1489 1055 1530 sortem
1078 1482 1298 1538 Fortuna,
1320 1483 1439 1530 tueri
1456 1501 1470 1530 ε

366 1545 472 1594 Nec
495 1547 686 1608 spolium
709 1548 855 1594 nostri
876 1554 1011 1611 turpe
1030 1548 1215 1611 pudoris
1236 1548 1364 1595 habe.

300 1610 372 1661 At
383 1611 545 1659 Venus
567 1613 654 1659 hoc
674 1619 807 1675 pacta
827 1620 928 1661 estz
969 1620 1016 1660 et
1037 1615 1085 1660 in
1109 1613 1215 1661 altae
1236 1613 1431 1661 vallibus
1449 1610 1556 1663 Idu
1595 1638 1602 1647 τ

364 1675 483 1724 Tres
504 1678 585 1727 tibi
606 1693 657 1726 se
678 1678 822 1725 nudas
844 1680 1089 1727 exhibuere
1110 1677 1265 1726 Deae:

301 1740 503 1804 Unaque
522 1745 628 1792 cum
650 1758 858 1807 regnum,
877 1745 984 1791 belli
1008 1744 1134 1792 daret
1155 1744 1297 1792 altera
1314 1742 1529 1804 laudemg

365 1807 655 1870 Tyndaridos
676 1811 858 1873 conjux,
879 1811 1016 1857 tertia
1036 1810 1163 1867 dixit,
1186 1809 1293 1858 eris.

302 1871 502 1925 Credere
522 1876 603 1922 vix
623 1876 833 1937 equidem
856 1876 1062 1923 coelestia
1079 1890 1273 1939 corpora
1290 1886 1482 1939 possum

365 1939 569 1987 Arbitrio
587 1939 782 1988 formam
806 1942 1097 2004 supposuisse
1115 1948 1212 1989 tuo.
1544 1938 1645 1990 lm

300 2003 463 2066 thue
485 2006 553 2054 ait·
565 2007 654 2053 hoc
674 2020 865 2065 verum3
898 2003 1026 2055 certe
1045 2020 1152 2070 pars
1173 2006 1316 2055 altera
1335 2003 1443 2054 ficta
1461 2011 1551 2063 eat,

362 2068 532 2120 Judieii
552 2072 747 2134 pretium
771 2071 860 2134 qua
881 2072 989 2120 data
1009 2073 1135 2120 dicor
1154 2086 1260 2135 ego.

296 2133 412 2183 Non
434 2143 506 2183 est
527 2142 654 2184 tanta
673 2138 784 2184 mihi
804 2136 971 2186 fiducia
991 2139 1206 2201 corporis,
1228 2142 1282 2185 ut
1300 2146 1379 2185 me

363 2199 586 2257 Maxima,
608 2208 727 2250 teste
749 2200 870 2259 Dea,
897 2203 1016 2252 dona
1034 2204 1179 2252 fuisse
1197 2209 1373 2266 putem.

301 2262 535 2316 Contenta
555 2274 628 2315 est
647 2268 791 2316 oculis
813 2269 1051 2317 hominum
1072 2268 1345 2317 mea‘forma
1363 2265 1581 2331 probari)

363 2329 617 2380 Laudatrix
635 2332 801 2382 Venus
821 2341 893 2382 est
912 2334 1138 2383 invidiosa
1155 2335 1284 2382 mihi.

298 2395 394 2444 Sed
414 2398 526 2444 nihil
545 2397 753 2446 infirmor
790 2399 925 2448 faveo
946 2415 1128 2462 quoque
1148 2399 1355 2447 laudibus
1375 2397 1478 2445 istis
1495 2414 1509 2444 ε

363 2459 490 2508 Nam
511 2476 615 2510 mea
632 2476 728 2512 vox
748 2480 902 2526 quare,
925 2466 1046 2526 quod
1069 2466 1206 2527 cupit,
1221 2479 1342 2517 ,esse
1362 2460 1540 2540 neget?

295 2522 401 2571 Nee
422 2531 475 2572 tu
496 2541 726 2584 succense,
749 2530 943 2578 nimium
967 2530 1078 2577 mihi
1098 2529 1297 2577 creditus
1318 2542 1460 2591 aegre.

360 2586 514 2637 Tarda
533 2591 650 2637 solet
669 2595 851 2656 magnis
872 2595 1008 2641 rebus
1029 2594 1180 2641 inesse
1198 2591 1328 2640 fides.
1541 2595 1644 2641 130

296 2650 453 2701 Prima
472 2668 577 2702 mea
593 2661 666 2702 est
685 2656 826 2719 igitur
847 2657 1024 2706 Veneri
1042 2658 1268 2720 placuisse
1284 2656 1499 2721 voluptas
1514 2674 1527 2705 ι

359 2715 590 2775 Proxima,
612 2722 855 2771 mevisam
875 2722 1067 2787 praeinia
1088 2726 1268 2774 summa
1287 2721 1398 2771 tibiz
