1867 2942
296 176 301 177 f
333 132 426 210 εἰς
673 158 728 207 P.
762 156 1321 211 ovlmrNAsoms

328 289 512 346 ’Invida‚
534 287 626 351 qud
646 287 892 353 properas?
924 285 1046 350 qudd
1067 297 1165 337 erat
1184 291 1265 337 tibi
1285 290 1405 340 filius
1423 286 1548 361 ater,-
1570 338 1577 344 .

399 354 601 402 Materni
621 355 768 402 fuerat
785 355 980 417 pectoris
1002 355 1077 402 ille
1098 356 1240 402 color.

337 418 489 485 [Quid
502 419 526 465 ἓ
559 423 594 466 si
618 435 710 467 non
734 418 921 482 Cephali
942 420 1167 480 quondam
1190 418 1427 482 flagrasset
1449 437 1624 480 amore,
1653 458 1662 467 .

396 484 480 533 An
500 481 630 547 p'utat
649 486 852 547 ignotam
874 485 1121 545 nequitiam
1142 500 1242 532 esse
1257 501 1388 533 suam
1403 485 1452 552 ἲ]
1599 526 1606 529 ,

328 548 537 596 Tithono
557 549 720 597 vellem
743 551 799 597 de
819 557 865 596 te
886 564 1068 597 narrare
1087 551 1268 597 liceret:

403 613 575 661 Fabula
595 629 687 660 non
709 615 826 661 coelo
850 614 1022 674 turpior
1043 615 1134 661 ulla
1153 615 1285 662 foret.

339 676 477 726 Illum
500 679 606 726 dum
630 678 812 741 refugis,
834 679 979 740 longo
1000 680 1106 740 quia
1125 679 1316 741 frigidus
1338 695 1454 735 aevo,

404 744 564 806 Surgis
586 744 642 791 ad
661 746 829 791 invisas
849 742 877 790 a
898 758 1006 790 sene
1026 741 1162 790 mand
1184 751 1319 792 rotas.

342 807 410 856 At
431 809 470 856 si
493 824 626 870 quem
643 810 851 856 manibus
871 806 1124 870 Cephalum
1148 809 1383 872 complexa
1402 817 1615 869 tener-eu

408 871 654 928 clamares,
678 870 829 920 Lente
850 874 1015 920 currite
1041 874 1188 920 noctis
1208 875 1325 935 equi.
1604 879 1670 922 40

343 937 440 988 Cur
460 955 550 1001 ego
569 940 741 1001 plectar
761 953 916 985 amans
931 936 955 982 ἰ’
989 939 1026 984 si
1047 939 1118 985 vir
1137 939 1217 985 tibi
1238 946 1410 987 marcet
1429 940 1487 988 ab
1506 941 1656 995 annis.

405 1003 534 1051 Num
557 1019 630 1050 me
651 1004 840 1066 nupsisti
860 1002 1128 1049 conciliante
1149 1003 1279 1050 seni?

342 1067 556 1132 Adspice,
578 1075 895 1129 quot·somnos
907 1068 1069 1128 juveni
1092 1067 1266 1114 donarit
1287 1075 1439 1117 amato

407 1132 567 1181 Luna:
607 1148 756 1194 neque
780 1133 900 1179 illius
919 1131 1070 1179 forma
1081 1133 1286 1181 ,secunda
1305 1140 1415 1180 tuae.

344 1196 452 1263 Ipse
474 1197 630 1245 Deum
652 1199 846 1260 genitor,
868 1212 927 1244 ne
951 1204 999 1244 te
1017 1204 1111 1244 tam
1133 1213 1253 1259 saepe
1273 1197 1460 1253 videret,

410 1260 653 1312 Commisit
674 1269 831 1310 noctes
852 1262 899 1308 in
922 1277 1005 1308 sua
1025 1269 1134 1309 vota
1155 1263 1279 1309 duas.

342 1327 508 1390 Jurgia
524 1326 741 1375 finieram.
808 1327 959 1375 Scires
980 1327 1185 1385 audisse3
1219 1328 1417 1375 rubebu-

362 1413 367 1418 ·
411 1391 517 1441 Nec
537 1399 687 1440 tamen
711 1393 896 1440 adsueto
929 1392 1102 1441 tardius
1125 1399 1224 1441 orta
1241 1393 1353 1443 dies.

728 1628 733 1633 ,
796 1581 1064 1634 ELEGIA
1096 1584 1241 1634 XIV.

346 1717 597 1775 Dxcmu,
620 1717 854 1767 Medicare
874 1725 980 1768 tuos
1002 1720 1167 1769 desiste
1187 1720 1386 1782 capillos.

412 1783 645 1847 Tinguere
666 1798 801 1845 quam
822 1786 983 1847 possis,
996 1788 1095 1848 Jam
1119 1787 1197 1833 tibi
1221 1785 1345 1833 nulla
1366 1799 1499 1834 coma
1522 1793 1611 1835 est.

350 1849 429 1905 At,
452 1850 491 1897 si
512 1864 642 1912 passa
661 1849 794 1905 fores,
818 1850 927 1912 quid
948 1858 1045 1898 erat
1066 1851 1304 1913 spatiosius
1321 1851 1413 1898 illis
1427 1850 1450 1896 ἰ’
1589 1856 1598 1861 ”
1679 1852 1686 1861 “

412 1913 715 1976 Contigerant
734 1916 889 1969 imum,
912 1914 1004 1976 qua
1023 1922 1149 1978 patet
1170 1931 1325 1978 usque,
1349 1915 1483 1964 latus.

349 1979 508 2036 Quid?
541 1976 663 2040 quod
682 1987 812 2027 erant
832 1987 1005 2035 tenues,
1039 1988 1086 2028 et
1107 1996 1222 2042 quos
1244 1996 1405 2028 ornare
1425 1981 1613 2029 timeres
1633 1998 1664 2041 ςΔ

412 2044 532 2092 Vela
552 2045 738 2091 colorati
765 2045 913 2105 qualia
938 2046 1070 2093 Seres
1092 2045 1292 2093 habent?

345 2109 440 2157 vel
457 2110 573 2173 pede
594 2109 714 2171 quod
734 2110 892 2171 gracili
915 2111 1096 2159 deducit
1117 2125 1281 2158 aranea
1300 2109 1444 2167 filum,

412 2173 536 2224 Cum
558 2174 659 2221 leve
681 2173 856 2222 deserta
877 2177 960 2223 sub
981 2178 1107 2223 trabe
1129 2177 1270 2223 nectit
1291 2174 1442 2237 opus?

345 2239 453 2289 Nec
474 2247 623 2286 tamen
648 2246 744 2286 ater
766 2247 873 2294 erat,
898 2256 984 2287 nec
1005 2247 1102 2288 erat
1122 2248 1274 2288 tamen
1296 2256 1459 2288 aureus
1480 2239 1586 2297 illis,

416 2305 519 2360 Sed,
541 2305 748 2367 quamvis
770 2313 941 2359 neuter,
964 2307 1136 2353 mixtus
1149 2313 1349 2367 ‘uterque
1370 2306 1510 2355 color.
1627 2309 1691 2355 10

346 2369 545 2425 Qualem
565 2369 750 2416 clivosae
771 2371 960 2417 madidis
980 2372 1028 2418 in
1051 2370 1239 2418 vallibus
1263 2369 1363 2418 Idae

412 2433 573 2481 Ardua
594 2430 965 2496 derepta‘cortiee
987 2436 1147 2483 cedrus
1168 2437 1315 2483 habet.

349 2498 496 2554 Adde,
519 2494 639 2559 qudd
661 2506 708 2545 et
730 2499 910 2554 dociles,
933 2508 981 2547 et
1003 2508 1187 2547 centum
1209 2499 1402 2547 flexibus
1426 2499 1535 2563 apti,

414 2561 483 2609 Et
501 2563 580 2608 tibi
602 2562 767 2609 nullius
789 2579 951 2611 caussa
974 2566 1142 2612 doloris
1164 2571 1307 2612 erant.
1363 2562 1366 2569 ’

350 2625 464 2673 Non
486 2641 593 2673 acus
616 2627 803 2688 abrupit,
827 2644 921 2675 non
945 2630 1091 2677 vallus
1112 2630 1320 2692 pectinis,
1339 2627 1448 2679 ‚illos
1463 2646 1483 2687 ς

408 2688 634 2739 Ornatrix
653 2696 754 2760 tuto
776 2707 968 2757 cor-pore
989 2709 1168 2757 semper
1189 2701 1299 2759 erat.
1329 2738 1336 2741 ,
