1867 2942
504 143 569 195 A.
602 138 841 194 SABmI
873 142 1215 194 EPIsToLA
1247 138 1290 191 1.
1466 146 1565 191 503

225 274 300 325 Et
320 275 442 324 terra
461 282 510 324 et
527 274 703 340 pelago,
725 276 941 338 quidquid
961 276 1073 323 mihi
1091 276 1223 322 triste
1243 277 1446 332 canebat,

294 341 530 405 Emensus
548 342 642 389 fato
652 344 752 404 jam
774 342 962 388 meliore
981 355 1140 403 vagor.

228 404 343 455 Jam
364 406 476 453 mihi
496 409 649 454 nescio
664 422 754 467 quo
777 407 990 453 comitem
1013 421 1063 452 se
1084 406 1132 452 in
1150 406 1285 453 litore
1294 406 1454 469 jungit

302 469 466 527 Pallas,
490 480 537 518 et
556 473 804 534 hospitibus
824 488 905 534 per
924 472 1029 518 loca
1051 477 1150 518 tuta
1170 472 1322 518 trahit.

232 532 380 595 Nunc
398 535 593 599 primum
616 535 770 584 Panas
781 553 928 584 versae
949 542 1054 599 post
1073 536 1235 584 funera
1250 535 1406 602 Trojae

223 652 228 656 .
303 599 419 648 Visa
438 602 573 649 mihi:
610 603 808 649 medium
830 602 1046 664 temporis
1066 602 1134 648 ira
1154 602 1274 649 tulit.
1471 604 1567 646 100

233 664 474 728 Quidquid
491 666 665 714 Offides
687 668 987 721 commiserat,
1011 667 1218 713 omnibus
1240 662 1359 715 unus
1456 690 1461 694 ·

303 731 539 779 Peccavit:
581 731 759 779 Danais
779 734 988 779 omnibus
1006 732 1077 778 ira
1097 746 1283 781 nocens.

230 795 341 845 Nec
362 804 422 853 te,
446 795 639 859 Tydide,
660 799 790 860 cujus
811 794 948 844 modo
966 797 1144 848 foverat
1163 812 1301 852 arma,

298 861 501 911 Eximitz
539 868 689 910 errato
708 871 761 910 tu
781 878 963 925 quoque
982 864 1040 911 ab
1061 864 1169 911 orbe
1189 864 1333 911 venis.

228 926 349 977 Non
364 926 618 976 Telamone
637 936 784 976 satum
800 926 932 991 capti
952 929 1010 976 de
1029 929 1226 991 conjuge
1247 927 1500 975 Teucrum:

300 993 417 1041 Non
436 994 599 1056 ipsum,
621 1009 704 1056 pro
725 1009 816 1055 quo
837 995 964 1041 mille
981 993 1110 1041 fuere
1130 1000 1263 1041 rates.

234 1057 373 1108 Felix
395 1057 686 1114 Plisthenida
710 1058 995 1122 quacumque
1015 1059 1063 1105 in
1086 1065 1209 1105 sorte
1228 1058 1357 1105 fuisti

306 1122 521 1188 conjuge
542 1140 646 1171 cum
668 1124 801 1172 carii:
841 1139 933 1171 non
956 1123 1110 1188 gravis
1130 1124 1208 1170 illa
1224 1123 1328 1169 fuit.

240 1188 337 1238 Seu
356 1191 482 1237 venti
501 1189 653 1237 fecere
673 1204 837 1245 moras,
862 1189 960 1237 sive
981 1204 1165 1250 aequora
1184 1189 1345 1245 vobis3

305 1255 386 1302 Ad
406 1255 531 1302 nulla
549 1262 622 1303 est
640 1263 792 1305 vester
814 1257 980 1303 damna
999 1261 1202 1301 retentus
1221 1268 1363 1301 amor.
1480 1256 1503 1299 1
1514 1257 1576 1300 10

240 1318 414 1368 Oscula
434 1335 520 1369 nec
540 1323 668 1368 venti
690 1317 813 1368 certe
834 1327 1036 1376 tenuere,
1059 1335 1144 1367 nec
1165 1320 1328 1366 undae:

307 1383 617 1448 Promptaque
635 1387 685 1439 in
706 1386 945 1450 amplexus
963 1386 1148 1434 brachia
1168 1399 1346 1448 semper
1365 1386 1510 1432 erant.

240 1446 321 1497 sie
341 1451 512 1498 utinam
533 1464 753 1500 errarem:
791 1452 965 1500 faceres
985 1460 1037 1499 tu
1059 1451 1224 1508 mollia,
1249 1451 1430 1514 conjux,

303 1515 535 1578 AEquora:
575 1525 624 1566 te
644 1517 769 1565 socia
789 1519 855 1565 nil
873 1520 985 1566 mihi
1007 1517 1138 1565 triste
1156 1516 1291 1564 foret.

145 1572 155 1586 ⁸
237 1578 382 1628 Nunc
402 1596 600 1643 quoque,
618 1581 895 1630 Telemacho
914 1591 1068 1630 tecum
1091 1582 1203 1629 mihi
1222 1581 1393 1645 sospite
1409 1581 1546 1637 lecte,

306 1645 476 1694 Omnia
497 1653 604 1693 sunt
623 1647 777 1694 animo
787 1649 887 1712 jam
907 1648 1082 1697 leviora
1100 1648 1233 1695 mala.

242 1709 401 1766 Quem
420 1719 576 1759 tamen
595 1711 784 1760 infestas
801 1729 962 1762 rursus
983 1729 1148 1775 queror
1167 1714 1234 1761 ire
1253 1727 1335 1775 per
1354 1711 1514 1768 undas,

308 1775 588 1825 Hermum
611 1776 818 1841 Sparten,
839 1779 1209 1840 Nestoreamque
1228 1777 1399 1839 Pylon.
1428 1818 1431 1823 .

240 1840 432 1904 Ingrata
450 1849 522 1889 est
540 1842 700 1904 pietas,
722 1844 795 1891 cui
816 1850 948 1891 tanta
965 1842 1166 1907 pericula
1186 1844 1402 1890 subsunt:

307 1906 434 1955 Nam
456 1904 576 1954 male
596 1909 865 1956 commissus
888 1909 1100 1957 fluctibus
1120 1909 1219 1969 ipse
1236 1907 1338 1954 fuit.
1486 1908 1582 1954 120

245 1971 337 2020 Sed
357 1973 481 2020 labor
503 1975 551 2020 in
571 1972 663 2021 fine
684 1979 768 2020 est.
801 1973 1056 2021 Occursum
1078 1974 1127 2019 in
1146 1972 1280 2019 litore
1299 1979 1431 2019 vates

308 2037 461 2085 Dixit.
493 2036 552 2085 In
575 2038 821 2100 amplexus,
845 2053 961 2094 care,
982 2036 1132 2085 ferere
1153 2045 1272 2084 tuos.

243 2101 517 2152 Noscendus
538 2103 624 2150 soli
645 2104 825 2150 veniam
847 2104 943 2150 tibi.
987 2101 1065 2148 Tu
1084 2116 1240 2165 preme
1262 2102 1421 2149 sollers

309 2167 555 2225 Laetitiarm
578 2176 627 2216 et
645 2169 784 2216 tacito
804 2168 973 2230 gaudia
993 2168 1139 2215 conde
1161 2168 1276 2214 sinu.

246 2231 360 2281 Non
382 2236 429 2281 vi
450 2235 729 2291 certandum,
751 2249 837 2282 nec
860 2239 1017 2297 aperta
1035 2233 1084 2279 in
1104 2232 1224 2279 bella
1243 2230 1480 2280 ruendum.

311 2299 389 2346 Sic
410 2301 573 2347 cecinit
593 2300 746 2348 laurus
767 2300 844 2348 ille
865 2313 1055 2346 monere
1076 2313 1195 2346 suas.

244 2362 457 2413 Forsitan
478 2372 584 2410 ante
605 2365 754 2429 dapes,
775 2366 985 2427 interque
1006 2364 1214 2412 vacantia
1233 2363 1354 2419 vina,

311 2428 490 2477 Ultoris
512 2430 733 2491 pharetris
753 2433 866 2478 utile
886 2439 1069 2493 tempus
1091 2430 1192 2476 erit.

248 2493 317 2545 Et
336 2491 475 2543 modd
495 2494 756 2557 despectum
780 2494 927 2543 subito
948 2497 1171 2542 mirentur
1194 2493 1384 2541 Ulixenss

309 2560 436 2615 Heu,
458 2574 630 2623 precor,
653 2568 706 2608 ut
725 2568 937 2624 properet
958 2562 1035 2608 ille
1055 2560 1213 2608 venire
1233 2557 1352 2608 dies!
1492 2558 1586 2602 130

246 2625 438 2689 Antiqui
460 2632 650 2677 renovet
670 2628 747 2689 qui
767 2627 901 2675 laetus
921 2626 1098 2674 foedera
1116 2624 1247 2673 lecti:

310 2691 378 2742 Et
397 2690 584 2741 tandem
605 2693 793 2757 incipias
815 2694 1025 2758 conjuge,
1049 2705 1166 2750 cara,
1188 2689 1298 2738 ftui.
