1867 2942
565 156 573 173 -.
605 124 921 178 AMORUM
953 127 1062 179 Lm
1086 125 1126 178 L
1150 133 1197 179 4.
1218 198 1229 212 ς
1465 135 1565 185 »117
1639 86 1644 90 ·

237 255 328 305 Me
348 263 517 320 specta,
538 265 767 321 nutusque
786 275 927 316 meos,
950 260 1221 322 vultumque
1239 261 1478 325 loquacem
1487 260 1506 310 ἐ
1543 278 1548 285 ·

303 322 484 386 Excipe
500 322 704 379 furtivas,
727 331 775 371 et
795 325 913 372 refer
932 326 1042 387 ipsa,
1065 334 1211 374 notas.
1250 340 1254 345 ·

237 385 395 435 Verba
415 389 661 450 superciliis
681 389 785 436 sine
800 405 916 437 voce
934 391 1167 452 loquentia
1184 392 1354 440 dicam:
1533 426 1538 431 -

302 451 458 500 Verba
477 453 604 515 leges
625 454 790 517 digitis,
812 456 952 502 verba
971 464 1127 503 notata
1145 458 1290 504 mero.'
1498 460 1566 504 20

237 513 360 566 ctam
381 517 462 565 tibi
484 519 703 566 succurrit
717 518 919 567 <Veneris
939 520 1122 567 lascivia
1143 530 1344 580 nostrae3
1537 518 1549 525 ⁶

236 585 250 594 ‘
268 589 285 615 ‘·
302 581 560 644 Purpureas
580 590 738 631 tenero
757 585 921 646 pollice
940 592 1080 648 tange
1099 602 1255 648 genas.

234 646 284 693 si
307 647 418 707 quid
435 648 534 703 erit,
557 648 616 694 de
635 663 710 695 me
729 648 866 696 tacit&
886 651 1009 711 quod
1027 658 1181 698 mente
1199 651 1431 712 queraris}

301 709 506 760 Pendeat
525 712 728 760 extrema
747 714 896 765 mollis
916 716 973 761 ab
993 730 1100 761 aure
1120 730 1308 763 manusz

142 770 153 781 ⁸
234 773 360 828 cum
380 777 474 832 tibi,
494 792 598 838 quse
618 777 794 834 faciam,
817 794 920 826 mea
938 780 1030 834 luit,
1056 781 1274 836 dicsmve,
1294 781 1561 842 placebunt&

299 840 522 889 Versetur
542 843 695 906 digitis
715 845 910 891 annulus
931 859 1074 904 usque
1093 845 1200 891 tuis.
1483 868 1488 873 ·

233 903 401 968 Tange
419 921 556 955 manu
578 922 795 963 mensam,
818 923 909 969 quo
929 916 1126 972 tangunt
1146 924 1276 957 more
1295 917 1560 972 precamen

302 970 494 1033 Optabis
516 973 680 1019 merito
702 970 805 1019 cum
827 973 948 1020 mala
962 974 1105 1021 multa
1122 975 1235 1021 viro.

237 1034 379 1092 Quod
397 1036 478 1084 tibi
500 1037 746 1092 miscuerit,
769 1039 928 1100 sapias,
951 1039 1072 1087 bibat
1092 1041 1200 1101 ipse,
1213 1040 1401 1102 jubeto:
1533 1070 1540 1077 ·

300 1097 377 1148 Tu
396 1116 585 1163 puerum
602 1102 764 1150 leviter
782 1118 931 1165 posce,
956 1103 1078 1164 quod
1098 1105 1194 1166 ipsa
1214 1104 1341 1152 velis.
1491 1107 1560 1151 30

240 1163 363 1220 Qua
383 1172 433 1213 tu
455 1164 712 1223 reddideris,
736 1183 826 1232 ego
845 1170 1018 1230 primus
1037 1170 1199 1231 pocula
1222 1183 1422 1218 sumam:

298 1228 367 1278 Et
387 1229 479 1292 qui
497 1239 548 1278 tu
570 1233 748 1289 biberis,
773 1232 856 1281 hic
879 1250 969 1296 ego
990 1241 1118 1296 parte
1137 1235 1302 1282 bibam.

186 1308 205 1321 “
236 1293 289 1343 si
310 1295 390 1344 tibi
410 1292 531 1343 forte
553 1297 686 1353 dabit,
707 1313 821 1359 quos
841 1300 1190 1361 praegustaverit
1212 1299 1322 1362 ipse,

299 1359 460 1424 Rejice
478 1361 638 1409 libatos
659 1362 779 1410 illius
800 1379 880 1410 ore
901 1364 1039 1411 cibos.

231 1423 339 1473 Nec
359 1434 534 1487 premat
556 1427 777 1491 impositis
798 1429 935 1477 sinito
957 1437 1037 1478 tua
1058 1428 1174 1477 colla
1192 1428 1396 1478 lacertis:

298 1490 419 1538 Mite
435 1507 518 1539 nec
539 1492 587 1538 in
608 1493 755 1557 rigido
775 1501 959 1557 pectore
978 1510 1097 1557 pone
1118 1501 1266 1557 caput.

230 1553 337 1602 Nec
359 1556 483 1603 sinus
503 1557 710 1606 admittat
731 1559 910 1621 digitos,
934 1561 1161 1608 habilesve
1181 1559 1396 1624 papillae.·

294 1620 465 1668 Oscula
483 1620 711 1684 praecipue
731 1624 853 1672 nulla
873 1625 1051 1672 dedisse
1069 1625 1199 1672 velis.

229 1685 400 1734 Oscula
419 1686 458 1734 si
479 1687 666 1741 dederis,
687 1686 793 1734 fiam
813 1689 1079 1737 manifestus
1101 1696 1298 1737 amatori

292 1748 361 1798 Et
383 1750 541 1804 dicam,
565 1749 679 1798 Mes
701 1758 827 1798 sunt:
866 1754 1150 1816 injiciamque
1170 1769 1348 1800 manus.
1465 1756 1558 1801 ·4o

229 1813 354 1862 Haec
374 1821 528 1862 tamen
550 1814 815 1876 adspiciam:
856 1818 935 1864 sed
956 1833 1060 1879 quae
1079 1819 1195 1865 bene
1215 1819 1349 1881 pallia
1363 1817 1534 1875 nebat·

293 1877 383 1927 ma
402 1879 513 1926 mihi
529 1879 639 1925 caeci
662 1894 819 1926 caussa
838 1882 1015 1929 timoris
1035 1890 1180 1929 erunt.

225 1943 333 1992 Nec
352 1943 514 1992 femori
534 1943 768 1990 committe
787 1942 948 2000 femur,
970 1960 1055 1992 nec
1076 1961 1207 1993 crure
1227 1948 1428 1994 cohaere:
1518 1982 1522 1987 .

294 2007 399 2056 Nec
419 2016 626 2059 tenerum
647 2008 760 2055 duro
783 2024 887 2055 cum
906 2010 1022 2072 pede
1032 2011 1182 2074 junge
1201 2011 1379 2072 pedem.

225 2073 386 2121 Multa
405 2074 543 2122 miser
562 2073 715 2129 timeo,
737 2074 844 2135 quia
862 2074 951 2121 feci
971 2075 1115 2122 multa
1133 2073 1369 2137 proterve:

293 2138 594 2202 Exemplique
615 2145 739 2186 metu
761 2146 973 2202 torqueor
994 2141 1091 2204 ipse
1111 2141 1238 2186 mei.-

227 2204 365 2265 Saepe
384 2204 507 2259 mihi,
529 2205 814 2267 dominaeque
834 2220 951 2253 mese
972 2212 1209 2270 properata
1230 2203 1439 2266 voluptas
1523 2232 1528 2239 ·

292 2267 438 2317 Veste
459 2270 541 2315 sub
559 2267 726 2332 injecta
744 2271 874 2318 dulce
893 2273 1070 2334 peregit
1089 2286 1217 2332 opus.

227 2331 339 2380 Hoc
361 2341 415 2381 tu
435 2349 526 2381 non
547 2333 704 2382 facies:
745 2336 825 2383 sed
845 2352 903 2383 ne
923 2336 1085 2384 fecisse
1104 2334 1289 2398 puteris,
1590 2366 1594 2371 «

294 2397 492 2448 Conscia
512 2398 570 2445 de
587 2400 762 2462 gremio
784 2401 919 2462 pallia
940 2401 1070 2448 deme
1090 2408 1185 2447 tuo.
1482 2400 1550 2447 50

222 2461 313 2511 Vir
330 2463 452 2511 bibet
472 2478 615 2523 usque
634 2479 765 2526 rogat
793 2466 1000 2526 precibus
1019 2473 1170 2514 tamen
1192 2463 1349 2511 oscula
1367 2461 1539 2511 desint:

292 2526 512 2589 Dumque
531 2529 655 2584 bibit,
676 2528 831 2576 furtim
855 2530 917 2593 (si
937 2529 1090 2592 potes)
1115 2529 1229 2577 adde
1249 2543 1440 2575 merum.

227 2591 280 2641 si
302 2593 417 2640 bene
437 2594 715 2657 compositus
735 2609 897 2642 somno
916 2595 1117 2657 vinoque
1126 2593 1320 2658 jacebit3

289 2654 541 2707 Consilium
564 2658 693 2708 nobis
712 2674 875 2723 resque
891 2659 1109 2724 locusque
1129 2660 1313 2708 dabunt.
