1867 2942
262 123 331 167 28
599 115 655 165 P.
688 115 921 168 OVIDII
956 110 1257 166 NASONIS

268 247 404 303 Vive,
427 263 616 311 precor.
657 250 723 296 sic
740 255 791 296 te
811 245 988 305 melius,
1009 244 1145 325 quam
1165 247 1338 303 sunere,
1359 242 1590 339 perdam.

330 312 409 361 Tu
428 311 579 376 potius
590 314 679 361 leti
701 330 860 362 caussa
879 314 1025 362 ferare
1045 314 1151 360 mei.

267 377 431 440 Finge,
448 394 553 442 age,
574 386 623 425 te
645 381 796 442 rapido
821 380 1017 443 (nullum
1040 380 1099 426 sit
1117 379 1166 425 in
1188 378 1339 424 omine
1358 375 1564 440 pondus)

333 442 536 491 Turbine
555 444 784 506 deprendi.
824 445 931 506 quid
952 445 1032 492 tibi
1053 444 1220 490 mentis
1240 444 1327 490 erit
1339 443 1363 488 ἰ’

267 507 486 557 Protinus
507 518 747 557 occurrent
766 511 896 557 falsae
916 511 1112 573 perjuria
1133 510 1321 571 linguae,

335 573 403 621 Et
425 573 631 637 Phrygia
654 574 781 622 Dido
800 575 958 622 fraude
980 582 1135 623 coacta
1156 574 1287 620 mori.

273 638 501 701 conjugis
521 646 626 687 ante
647 641 803 687 oculos
824 641 1026 702 deceptae
1049 639 1182 687 stabit
1202 640 1355 700 imago

336 703 516 759 Tristis,
539 712 587 752 et
606 705 761 752 effusis
783 705 1129 768 sanguinolenta
1149 705 1306 751 comis.
1349 738 1354 743 -
1560 705 1640 750 ’70

273 769 507 831 Quidquid
527 771 576 817 id
595 779 677 826 est,
700 778 847 818 totum
869 772 1029 826 merui,
1052 769 1298 825 concedite,
1322 768 1474 815 dicas:

340 834 552 898 Quaeque
573 838 746 891 cadent,
770 838 817 884 in
840 844 888 883 te
907 835 1101 882 fulmina
1121 835 1260 881 missa
1279 840 1427 896 putes.

272 898 355 949 Da
372 902 510 948 breve
531 903 720 949 saevitiae
742 902 933 965 spatium
956 901 1198 963 pelagique
1219 906 1432 962 tuaeque·

202 1024 207 1029 .
342 965 529 1014 Grande
550 983 691 1014 morse
710 969 905 1029 pretium
929 973 1029 1013 tuta
1047 965 1201 1012 futura
1219 965 1295 1012 via
1314 972 1401 1015 est.

274 1030 381 1079 Nec
403 1032 513 1078 mihi
532 1040 769 1094 parcatur·
753 1066 770 1091 ‚
803 1048 946 1095 puero
965 1038 1172 1107 parcatur
1194 1027 1316 1077 Iiilo.

339 1095 414 1144 Te
435 1098 549 1144 satis
568 1104 638 1144 est
658 1097 840 1144 titulum
861 1096 1022 1143 mortis
1044 1096 1205 1142 habere
1225 1109 1357 1142 meae.

279 1161 405 1217 Quid
425 1177 536 1223 puer
557 1162 795 1218 Ascanius,
818 1162 926 1224 quid
949 1160 1018 1207 Di
1038 1175 1244 1206 meruere
1268 1159 1495 1209 Penates?

343 1225 534 1305 Ignibus
556 1235 733 1290 ereptos
755 1228 915 1283 obruet
935 1225 1058 1273 unda
1079 1223 1226 1273 Deos.

232 1296 247 1307 ⁹
270 1293 371 1345 Sed
386 1307 534 1354 neque
548 1291 639 1340 fers
660 1302 837 1339 tecum:
877 1308 976 1348 nec,
992 1306 1098 1353 quae
1118 1292 1243 1347 mihi,
1265 1290 1448 1355 perfide,
1466 1291 1634 1359 jactas,

280 1378 285 1387 2
344 1357 616 1405 Presserunt
636 1360 848 1405 humeros
868 1373 995 1404 sacra
1013 1364 1230 1420 paterque
1250 1365 1366 1405 tuos·
1567 1360 1640 1405 80

280 1423 452 1471 Omnia
473 1424 709 1471 mentiris.
749 1439 835 1471 nec
857 1425 979 1472 enim
1000 1430 1079 1470 tua
1098 1422 1254 1470 fallere
1272 1423 1431 1486 lingua

348 1487 517 1550 Incipit
538 1487 566 1535 ὲ
588 1490 746 1548 nobis3
780 1490 1016 1552 primaque
1036 1489 1211 1551 plector
1232 1504 1338 1553 ego.

283 1554 336 1602 si
358 1568 547 1615 quaeras,
573 1555 647 1601 ubi
670 1557 729 1601 sit
748 1554 938 1602 formosi
959 1562 1105 1602 mater
1128 1552 1216 1600 Iiil
1186 1554 1247 1601 Ιι·

345 1618 539 1674 Occidit,
563 1616 591 1666 ὲ
612 1621 726 1667 duro
750 1621 849 1668 sola
868 1620 1029 1668 relicta
1049 1620 1166 1667 viro.

281 1682 406 1731 Haec
426 1684 537 1730 mihi
560 1684 792 1734 narraras:
833 1701 917 1733 nec
938 1702 1014 1733 me
1034 1683 1247 1733 moveret
1285 1689 1535 1733 merentem

350 1747 482 1807 Ure3
515 1752 664 1798 minor
685 1750 817 1815 culp&⁴
835 1766 974 1815 poena
991 1750 1147 1798 futura
1166 1766 1271 1798 mea
1290 1757 1374 1798 est.
1495 1790 1500 1795 .

279 1814 336 1862 N
336 1830 388 1862 ec
409 1784 520 1862 mi'hi
535 1832 665 1864 mens
682 1817 815 1864 dubia
824 1824 907 1872 est,
924 1817 1034 1879 quin
1050 1824 1098 1864 te
1112 1823 1192 1863 tua
1208 1815 1393 1863 numina
1409 1815 1635 1863 damnent.

353 1879 444 1928 Per
465 1897 601 1938 mare,
623 1897 706 1945 per
726 1891 870 1930 terras
892 1884 1085 1945 septima
1092 1883 1243 1945 jactat
1264 1881 1425 1928 hiems·

286 1946 524 1995 Fluctibus
545 1948 738 2010 ejectum
760 1947 860 1996 tuta
881 1949 1075 1996 statione
1099 1947 1262 2011 recepi,

345 2011 537 2089 Vixque
555 2014 672 2060 bene
693 2013 846 2061 audito
868 2014 1067 2066 nomine,
1091 2027 1235 2075 regna
1256 2011 1375 2058 dedi.
1571 2015 1635 2060 90

288 2072 383 2124 His
405 2083 559 2127 tamen
579 2079 740 2125 officiis
761 2080 933 2125 utinam
957 2084 1173 2124 contenta
1190 2076 1380 2124 fuissem
1399 2093 1415 2125 z
1599 2102 1602 2103 ⁷

354 2141 421 2189 Et
440 2143 552 2188 mihi
573 2143 837 2190 concubitus
856 2142 979 2188 fama
1000 2142 1175 2204 sepulta
1194 2141 1343 2190 foret!

287 2207 379 2255 Ina
399 2208 494 2255 dies
515 2209 682 2264 nocuit,
706 2205 796 2269 qua
816 2222 901 2254 nos
922 2206 1097 2253 declive
1119 2207 1202 2253 sub
1223 2218 1403 2254 antrum

356 2271 596 2321 Caeruleus
618 2225 777 2320 subitis
798 2271 1018 2334 compulit
1036 2272 1180 2323 imber
1202 2272 1344 2334 aquis.

290 2337 539 2386 Audieram
561 2353 752 2397 vocem3
788 2337 1050 2419 Nymphas
1052 2334 1249 2385 ululfisse
1266 2336 1437 2401 putavi

358 2403 640 2450 Eumenides
650 2403 765 2451 fatis
786 2404 920 2467 signa
940 2399 1105 2452 dedere
1124 2404 1254 2451 meis.

286 2467 460 2530 Exige,
482 2468 593 2514 laese
612 2468 771 2530 pudor,
794 2484 967 2531 poenas,
990 2467 1159 2517 violate
1183 2468 1393 2516 Sichaeo.

363 2533 441 2581 Ad
461 2548 595 2594 quem
621 2535 718 2596 (me
739 2534 952 2581 miseram
968 2531 1007 2594 !)
1040 2534 1178 2597 plena
1197 2532 1382 2595 pudoris
1405 2545 1481 2579 eo.

294 2598 388 2652 Est
409 2598 519 2644 mihi
540 2596 794 2645 marmorea
814 2606 1015 2646 sacratus
1034 2599 1084 2645 in
1107 2599 1206 2646 oedc
1230 2597 1466 2645 Sichaeusx
1585 2638 1591 2643 .

361 2663 600 2726 Adpositae
619 2661 803 2712 frondes
823 2663 1079 2727 velleraque
1098 2664 1199 2713 alba
1216 2668 1432 2727 tegunt.
1550 2663 1639 2709 100
