1867 2942
511 134 886 187 HEROIDEs.
937 134 1283 193 Emmxvn.
1501 144 1558 188 ει

225 267 337 321 Nec
356 276 404 316 te
427 266 668 324 Palladios,
688 282 775 321 'nec
796 275 844 315 te
865 265 1065 316 sunonis
1086 269 1282 318 honores

293 333 478 381 Auditis
501 333 699 381 Helenae
718 334 1019 396 praeposuisse
1039 334 1185 382 bonis.
1483 379 1489 385 .

224 398 362 461 Ergo
384 414 473 461 ego
496 415 597 446 sum
612 399 790 445 virtus?
816 414 913 461 ego
935 414 1037 446 sum
1059 400 1139 446 tibi
1162 400 1313 446 nobile
1332 398 1562 464 regnum?

293 462 462 511 Ferrea
483 466 587 519 sims
607 465 643 511 si
668 480 759 510 non
782 465 869 510 hoc
890 479 982 526 ego
1004 472 1161 526 pectus
1183 480 1344 513 amem.

222 527 410 585 Ferrea,
433 530 567 576 crede
588 530 710 584 mihi,
734 544 828 575 non
851 544 977 576 sum:
1017 530 1097 576 sed
1118 545 1271 577 amare
1290 545 1498 594 repugno
1539 544 1558 583 ,·

293 591 445 649 Illum,
469 610 604 655 quem
624 593 721 641 fieri
744 596 823 641 vix
843 602 956 656 puto
977 610 1112 656 posse
1133 610 1301 643 meum.

226 658 357 714 Quid
375 660 576 706 bibulum
601 675 740 707 curvo
762 660 1054 721 proscindere
1073 660 1181 707 litus
1205 668 1366 717 aratro,

292 724 521 786 Spemque
543 726 669 785 sequi
690 740 839 780 coner,
854 740 990 786 quam
1002 725 1130 771 locus
1151 726 1248 787 ipse
1270 723 1441 787 neget?
1467 728 1576 777 140„

223 789 340 838 Sum
365 790 487 837 rudis
509 789 566 836 ad
588 789 784 837 Veneris
802 790 1003 837 furtum:
1043 788 1255 851 nuuaqne
1275 790 1453 839 fidelem

188 912 197 917 ,
293 854 389 919 (Di
410 855 519 901 mihi
543 856 635 902 sint
656 853 818 916 testes)
841 856 1034 902 lusimus
1055 860 1153 902 arte
1172 856 1335 903 virum.

221 919 368 968 Nunc
390 935 582 981 quoque,
603 916 728 981 qudd
749 921 888 967 tacito
909 918 1076 966 mando
1097 935 1199 968 mea
1219 921 1356 968 verba
1373 919 1542 977 libello,

292 984 524 1048 Fungitur
546 985 696 1032 officio
717 984 849 1032 litera
869 992 1028 1032 nostra
1046 1000 1183 1033 novo.

224 1048 418 1106 Felices,
440 1051 604 1112 quibus
625 1065 735 1097 usus
758 1049 910 1098 adest!
948 1065 1049 1112 ego,
1074 1051 1226 1097 nescia
1246 1066 1411 1107 rerum,

293 1114 541 1163 Difficilem
562 1116 710 1178 culpae
732 1116 937 1177 suspicor
958 1131 1058 1163 esse
1080 1116 1214 1163 viam.
1445 1156 1451 1163 .

221 1178 335 1244 Ipse
357 1181 478 1228 malo
498 1189 648 1228 metus
670 1187 753 1228 est.
775 1179 894 1236 >Jam
911 1196 1033 1231 nunc
1056 1180 1323 1238 confundor,
1337 1187 1386 1239 et
1401 1195 1561 1230 omnes

294 1244 353 1293 In
376 1246 722 1294 nostris'oculos
742 1246 942 1293 vultibus
964 1261 1065 1294 esse
1088 1261 1204 1293 reor.
1269 1292 1276 1299 ,

222 1310 330 1359 Nec
352 1326 455 1358 reor
475 1312 562 1359 hoc
580 1310 710 1359 fals6.
758 1312 889 1359 Sensi
910 1311 1031 1358 mala
1052 1326 1285 1360 murmura
1303 1311 1461 1375 vulgi:
1504 1322 1510 1327 ·
1523 1340 1536 1367 ,«

290 1376 360 1425 Et
379 1376 593 1437 quasdam
617 1392 752 1425 voces
774 1378 927 1424 retulit
948 1376 1118 1425 AEthra
1136 1378 1261 1424 mihi.
1467 1380 1565 1425 150

219 1441 295 1491 At
314 1449 368 1489 tu
388 1442 650 1495 dissimulaz
685 1443 772 1490 nisi
795 1443 832 1491 si
853 1443 1069 1491 desistere
1089 1443 1248 1491 mavis.

292 1507 388 1554 Sed
406 1523 487 1554 cur
508 1508 731 1563 desistas?
770 1507 1051 1556 dissimulare
1071 1516 1217 1570 potes.

221 1571 372 1628 Luae
396 1573 475 1621 sed
496 1571 685 1621 occulte.
743 1573 910 1652 Major,
935 1590 1029 1620 non
1051 1574 1262 1629 maxima,
1285 1573 1417 1622 nobis

268 1636 384 1685 'Est
403 1638 507 1685 data
526 1638 720 1694 libertas,
743 1639 865 1700 quod
885 1638 1129 1686 Menelaus
1151 1641 1291 1687 abest.

220 1700 312 1751 Ille
333 1703 514 1764 quidem
535 1705 694 1765 procul
715 1711 798 1758 est,
820 1705 884 1750 ita
905 1720 956 1750 re
977 1711 1183 1766 cogente,
1205 1703 1449 1767 profectus·
1503 1752 1508 1759 ,

292 1767 472 1830 Magna
490 1769 579 1815 fuit
600 1769 761 1816 subitae
771 1770 988 1832 justaque
1009 1783 1169 1816 caussa
1187 1771 1311 1826 viae3

222 1833 324 1882 Aut
345 1834 455 1880 mihi
478 1834 543 1880 sic
564 1834 714 1880 visum
736 1840 819 1880 est.
865 1833 988 1895 Eg0‚
1006 1835 1111 1881 cum
1133 1833 1368 1889 dubitaret,
1384 1847 1444 1880 an
1457 1831 1560 1889 iret,

291 1897 656 1960 Quamprimum,
680 1898 787 1954 dixi,
807 1896 881 1945 fac
903 1898 1127 1945 rediturus
1148 1914 1239 1946 eas.

221 1961 392 2012 Omine
412 1963 595 2013 laetatus
616 1963 738 2010 dedit
759 1963 941 2010 oscula:
981 1963 1177 2024 Resque,
1202 1965 1463 2024 domusque,
1532 1978 1538 1985 ·

291 2028 360 2077 Et
380 2030 461 2076 tibi
484 2030 543 2076 sit
565 2044 689 2076 eurae
710 2027 880 2076 Troius
900 2029 1078 2091 hospes,
1102 2030 1180 2076 ait.
1469 2030 1564 2074 160

221 2093 323 2142 Vix
344 2095 467 2142 tenui
490 2095 630 2142 risum
650 2113 661 2141 ς
701 2110 837 2154 quem
858 2094 967 2141 dum
990 2109 1277 2155 compescere
1296 2094 1461 2148 luctor,
1529 2145 1538 2151 ⁴

292 2158 379 2206 Nil
398 2160 463 2206 illi
485 2161 612 2222 potui
633 2161 794 2215 dicere,
817 2167 997 2221 praeter,
1022 2158 1141 2205 Erit.

223 2223 346 2272 Vela
365 2223 546 2285 quidem
570 2224 742 2275 Creten
762 2226 912 2272 ventis
933 2224 1057 2272 dedit
1077 2224 1153 2271 ille
1175 2223 1398 2271 secundis.

292 2288 386 2338 Sed
407 2296 458 2336 tu
480 2306 571 2336 non
596 2291 701 2349 ideo,
719 2299 883 2339 cuncta
901 2290 1039 2337 licere
1059 2296 1185 2351 puta.

224 2355 304 2404 Sic
326 2369 456 2402 meus
477 2355 581 2401 hinc
602 2356 672 2402 vir
693 2357 831 2410 abest,
857 2363 908 2402 ut
929 2371 1003 2402 me
1026 2354 1250 2401 custodiat
1271 2354 1446 2401 absens·
1515 2384 1536 2417 ,-

289 2420 372 2468 An
395 2421 543 2467 nescis
563 2420 727 2482 longas
749 2420 959 2483 Regibus
982 2436 1082 2467 esse
1105 2434 1266 2465 manus
1280 2417 1304 2464 ἲ

223 2483 372 2535 Fama
390 2500 572 2546 quoque
591 2492 662 2532 est
683 2486 824 2532 oneri.
880 2485 1005 2532 Nam
1027 2482 1118 2546 qud
1139 2483 1422 2532 constantius
1441 2497 1526 2531 ore

292 2546 556 2598 Laudamur
575 2557 742 2605 vestro,
755 2551 927 2613 justius
949 2551 1025 2596 ille
1046 2551 1190 2597 timet.

226 2614 505 2679 Quaejuvat,
517 2623 568 2662 ut
583 2630 704 2662 nunc
721 2622 804 2671 est,
821 2615 979 2662 eadem
995 2616 1105 2662 mihi
1120 2615 1269 2677 gloria
1282 2614 1450 2663 damno
1466 2619 1558 2660 est:

291 2680 361 2732 Et
382 2681 543 2731 melius
562 2679 700 2733 famae
721 2681 859 2731 verba
878 2679 1055 2731 dedisse
1073 2679 1204 2729 foret.
1383 2701 1389 2709 -
1470 2680 1567 2725 170
