1867 2942
320 166 354 208 4
665 159 721 208 P.
755 156 989 208 OVIDII
1021 154 1323 206 NASONIS

324 289 436 339 Hoc
454 289 629 337 faciunt
644 296 886 351 custosque
899 291 1051 344 boum,
1073 289 1377 351 longaevaque
1397 288 1580 334 nutrix:

389 355 588 411 Tertius,
611 356 856 404 immundae
877 371 985 403 cura
1004 354 1149 402 fidelis
1170 356 1307 401 harae.

323 422 417 471 Sed
432 437 580 480 neque
603 420 807 475 Laertes,
824 427 876 467 ut
890 421 968 482 qui
990 422 1049 469 sit
1069 420 1241 467 inutilis
1264 418 1415 474 annis,

390 486 616 533 Hostibus
637 487 684 532 in
707 487 868 533 mediis
890 501 1033 548 regna
1053 493 1209 532 tenere
1226 485 1361 532 valet.

323 551 601 601 Telemacho
623 552 775 598 veniet
798 552 947 614 (vivat
967 548 1125 611 modo)
1147 550 1312 597 fortior
1334 555 1474 597 aetasz

390 618 531 664 Nunc
553 624 649 664 erat
672 617 848 663 auxiliis
870 617 946 663 illa
966 617 1134 665 tuenda
1154 616 1310 678 patris.

323 683 429 733 Nee
450 684 558 729 mibi
577 690 684 729 sunt
705 683 823 729 vires
843 683 1051 728 inimicos
1072 681 1239 744 pellere
1259 680 1408 728 tectis.

388 748 464 795 Tu
487 746 619 795 citius
643 749 811 803 venias,
831 754 991 810 portus
1012 754 1059 794 et
1081 762 1159 794 ara
1179 747 1284 793 tuis.
1571 746 1675 790 llo

321 814 414 867 Est
434 814 526 868 tibi,
549 816 709 875 sitque,
730 829 903 876 precor,
926 820 1073 868 natus,
1096 812 1175 873 qui
1194 811 1405 860 mollibus
1424 808 1557 857 annis

391 877 449 926 In
469 881 637 942 patrias
657 887 776 926 artes
797 878 1067 926 erudiendus
1087 885 1199 924 erat.

322 945 522 1008 Respice
545 945 773 992 La'e'rten:
813 953 865 992 ut
877 946 977 1006 jam
1000 945 1081 990 sua
1101 942 1273 989 lumina
1292 941 1474 996 condas,

390 1011 666 1060 Extremum
687 1009 768 1056 fati
790 1010 984 1057 sustinet
1004 1009 1081 1055 ille
1102 1009 1235 1055 diem.

327 1073 469 1126 Certe
490 1091 593 1137 ego,
616 1089 719 1136 quae
737 1074 924 1126 fueram,
950 1080 997 1120 te
1017 1073 1287 1127 discedente,
1310 1070 1471 1133 puella,

393 1140 610 1189 Protinus
630 1147 682 1186 ut
701 1138 869 1193 redeas,
892 1136 1015 1184 facta
1033 1136 1219 1184 videbor
1238 1150 1368 1183 anus.

700 1374 703 1377 .
780 1332 1123 1384 EPISTOLA
1156 1332 1226 1382 11.

699 1481 907 1515 rmus
940 1478 1311 1514 nmornooml.

326 1603 562 1656 HosrrrA,
587 1599 910 1663 Demophoon,
934 1605 1015 1645 tua
1034 1604 1093 1652 te,
1118 1594 1390 1658 Rhodopeia
1411 1593 1605 1656 Phyllis,

393 1668 530 1717 Ultra
548 1667 821 1729 promissum
845 1673 1023 1726 tempus
1044 1663 1200 1710 abesse
1221 1674 1401 1724 queror.

329 1733 517 1785 Cornua
539 1730 643 1779 cum
667 1731 816 1779 Lunae
837 1730 974 1794 pleno
995 1736 1154 1791 quater
1175 1729 1282 1775 orbe
1303 1727 1517 1781 coi'ssent,

391 1799 622 1847 Litoribus
643 1798 810 1845 nostris
832 1797 1030 1844 anchora
1049 1801 1182 1858 pacta
1203 1801 1283 1840 tua
1303 1799 1386 1840 est.

326 1865 464 1914 Luna
484 1872 641 1927 quater
659 1864 823 1920 latuit3
855 1862 992 1925 pleno
1014 1868 1173 1922 quater
1193 1859 1302 1906 orbe
1321 1856 1514 1905 recrevit
1520 1871 1539 1911 3

394 1931 497 1979 Nec
518 1930 644 1978 vehit
666 1929 852 1976 Actaeas
877 1927 1080 1974 Sithonis
1102 1925 1377 1972 unda‘rates.

322 1997 555 2060 Tempora
575 1996 612 2043 si
634 2001 856 2048 numeres,
877 1994 995 2040 bene
1015 2006 1119 2053 quae
1141 1998 1431 2036 numeramus
1451 1991 1673 2040 amantes,

392 2063 504 2110 Non
525 2063 652 2109 venit
672 2068 780 2108 ante
802 2074 933 2106 suum
956 2063 1112 2103 nostra
1131 2053 1313 2115 querela
1325 2052 1461 2099 diem.

326 2129 441 2193 Spes
463 2142 641 2189 quoque
661 2127 786 2174 lenta
794 2124 905 2170 'suit.
971 2116 1139 2172 Tarde,
1166 2133 1270 2178 quae
1291 2117 1461 2165 credita
1481 2116 1669 2171 laedunt,

390 2193 656 2243 Credimus:
696 2188 838 2236 invita
859 2203 981 2235 nunc
1003 2192 1051 2232 et
1070 2189 1251 2231 amante
1270 2189 1453 2229 nocent.
1609 2186 1672 2229 10

326 2259 546 2323 Saepefui
567 2257 761 2305 mendax
782 2269 864 2316 pro
886 2260 932 2299 te
953 2250 1092 2306 mihi3
1124 2263 1247 2310 saepe
1266 2247 1426 2309 putavi

391 2325 511 2373 Alba
530 2322 804 2386 procellosos
825 2318 929 2365 vela
952 2314 1118 2362 referre
1141 2312 1310 2360 Notos.

244 2376 248 2381 ⁴
322 2389 506 2447 Thesea
525 2387 700 2438 devovi,
724 2386 828 2446 quia
843 2391 889 2428 te
911 2381 1138 2428 dimittere
1158 2379 1300 2426 nollet
1311 2394 1328 2436 ;

391 2455 497 2502 Nec
517 2454 661 2500 tenuit
683 2464 840 2497 cursus
860 2447 1051 2493 forsitan
1074 2445 1150 2492 ille
1170 2452 1290 2492 tuos.
1419 2478 1424 2485 .
1483 2478 1492 2485 .

323 2520 561 2571 Interdum
584 2516 727 2570 timui,
751 2530 822 2568 ne,
846 2513 954 2559 dum
975 2512 1092 2559 vada
1113 2511 1258 2557 tendis
1277 2509 1337 2557 ad
1360 2506 1523 2562 Hebri,

390 2584 552 2633 Mersa
569 2581 687 2645 foret
709 2578 824 2644 cana
844 2578 1070 2639 naufraga
1083 2576 1247 2638 puppis
1268 2570 1398 2635 aqua.

324 2651 460 2710 Saepe
480 2647 589 2694 deos
612 2646 814 2708 supplex,
836 2660 920 2706 pro
937 2651 997 2697 te,
1021 2642 1250 2694 scelerate,
1269 2637 1443 2699 rogavi,
1519 2684 1524 2689 ,

384 2711 505 2763 Cum
526 2727 661 2776 prece
679 2710 934 2760 turicremis
954 2708 1225 2756 deveneram
1242 2704 1374 2751 focis.
