1867 2942
338 135 440 179 234
698 126 755 178 P.
787 126 1023 177 OVIDII
1037 127 1289 181 ,huson
1290 125 1355 178 1s

347 259 452 308 Nec
472 255 623 306 cordm
645 258 811 306 mixtas
832 273 982 306 cervae
1005 259 1220 307 sumsisse
1237 259 1477 316 medtfflas,

414 323 517 371 Nec
539 321 690 370 cordm
710 324 869 371 dentes
890 323 1151 371 defricuisse
1168 325 1369 386 probem.

349 387 449 437 Ista
470 389 638 437 dabunt
657 388 843 446 faciem3
878 388 958 436 sed
980 395 1115 435 erunt
1136 388 1352 437 deformis
1371 389 1504 437 visu:

381 488 386 493 .
416 453 668 515 Multaque,
692 452 798 499 dum
820 452 937 500 fiunt
956 454 1116 515 turpis,
1136 452 1257 500 facta
1274 454 1474 515 placent.

354 519 475 574 Quae
497 533 617 564 nunc
632 533 800 565 nomen
821 519 987 565 habent
1006 519 1183 580 operosi
1203 519 1336 580 signs.
1355 517 1597 580 Myronis,

361 590 366 595 '
419 582 604 629 Pondus
624 583 746 629 iners
767 583 1008 643 quondam,
1031 583 1230 643 duraque
1250 598 1401 631 massa
1414 583 1524 632 fuit.
1596 588 1696 635 220

354 647 569 696 Annulus
590 656 642 694 ut
655 646 746 702 fiat,
768 643 914 709 primd
930 647 1155 695 colliditur
1175 663 1355 695 aurumz

421 712 550 767 Quas
570 712 727 774 geritis
747 719 911 767 vestes,
932 712 1112 759 sordida
1129 712 1233 758 lans
1249 711 1351 759 fuit.
1682 750 1702 761 ,

356 774 478 827 Οῦω
499 776 640 831 fieret,
661 777 776 839 lapis
796 792 927 839 asper
948 783 1067 834 erat3
1091 792 1212 824 nunc
1233 777 1384 825 nobile
1404 777 1595 840 signum
1662 794 1675 805 ²

419 841 560 889 Nuda
580 840 740 889 Venus
760 842 962 889 madidas
982 841 1194 903 exprimit
1211 842 1354 890 imbre
1373 854 1543 890 comas.

355 905 431 954 Tu
454 922 632 968 quoque
652 906 759 953 dum
781 907 956 961 coleris,
980 922 1064 954 nos
1084 913 1134 953 te
1153 906 1348 954 dormire
1366 914 1617 970 putemus3

422 966 588 1034 Aptids
605 968 633 1018 ὲ
654 968 831 1018 summa
851 971 1127 1033 conspiciare
1147 985 1300 1018 manu.

358 1035 458 1087 Cur
478 1037 588 1083 mihi
609 1043 719 1083 nota
737 1044 818 1083 tuo
839 1051 998 1084 caussa
1017 1042 1088 1083 est
1108 1036 1314 1083 candoris
1328 1036 1377 1083 in
1396 1036 1514 1084 ore?

425 1099 600 1150 Claude
618 1100 763 1147 forem
784 1101 989 1148 thalami:
1017 1100 1125 1162 quid
1145 1101 1256 1148 rude
1274 1101 1425 1163 prodis
1445 1102 1597 1164 opus?

359 1166 513 1214 Multa
532 1167 655 1212 viros
675 1165 848 1213 nescire
869 1166 1011 1212 decet.
1057 1163 1170 1212 Pars
1191 1167 1392 1213 maxima
1409 1181 1563 1215 rerum

426 1230 650 1285 Offendat,
676 1231 713 1277 si
735 1245 827 1283 non
848 1230 1062 1277 interiora
1081 1236 1228 1292 tegas.
1308 1238 1313 1243 ’
1506 1250 1511 1255 ·
1595 1237 1697 1280 230

363 1295 518 1355 Aures
538 1311 640 1356 quae
660 1295 857 1357 pendent
877 1302 1037 1342 ornato
1054 1295 1185 1357 signs
1203 1296 1393 1351 theatro,
1678 1322 1685 1329 ·

427 1358 619 1421 Inspice,
642 1357 776 1420 quim
799 1361 948 1407 tenuis
967 1361 1146 1407 bractea
1163 1360 1292 1422 ligna
1311 1367 1453 1423 tegat.

364 1425 455 1473 Sed
477 1439 624 1484 neque
644 1424 701 1470 ad
721 1425 799 1471 illa
817 1425 924 1472 licet
944 1424 1124 1486 populo,
1147 1425 1235 1472 nisi
1255 1424 1388 1481 facta,
1408 1426 1590 1475 venire:

427 1488 528 1535 Nec
551 1489 637 1536 nisi
653 1489 871 1537 submotis
889 1489 1038 1536 forma
1055 1490 1255 1552 paranda
1273 1490 1398 1538 viris.

362 1553 429 1600 At
450 1569 543 1600 non
564 1553 806 1615 pectendos
826 1551 978 1601 cordm
998 1554 1199 1616 praebere
1218 1554 1419 1616 capillos,

428 1618 499 1665 Ut
509 1619 693 1682 jaceant
711 1618 800 1666 fusi
820 1635 901 1681 per
921 1627 1002 1667 tua
1020 1627 1163 1681 terga,
1185 1626 1352 1667 vetem.

363 1681 454 1731 1110
475 1680 713 1746 praecipue,
739 1699 797 1730 ne
817 1685 878 1731 sis
899 1700 1093 1740 morosa,
1116 1692 1276 1732 caveto

299 1796 306 1801 ,
426 1747 674 1812 Tempore:
704 1764 787 1796 nec
807 1750 955 1810 lapsas
976 1765 1098 1811 saepe
1119 1750 1297 1798 resolve
1312 1764 1481 1799 comas·

363 1813 489 1862 Tuta
509 1815 568 1861 sit
588 1813 802 1861 ornatrix.
836 1813 940 1869 Odi,
963 1830 1065 1875 quae
1088 1816 1258 1862 sauciat
1271 1830 1352 1862 ora

431 1878 688 1941 Unguibus,
711 1890 758 1926 et
773 1877 901 1941 rapui
917 1879 1097 1926 brachia
1116 1878 1218 1940 figit
1237 1896 1336 1928 acu.
1600 1885 1703 1931 240

370 1942 600 1999 Devovet,
623 1951 670 1991 et
693 1943 889 1992 dominae
909 1944 1059 2006 tangit
1081 1952 1218 2006 caput
1237 1945 1334 1992 illa:
1361 1944 1603 2008 simulque·

432 2007 589 2056 Plorat
610 2009 667 2055 ad
689 2009 859 2056 invisas
882 2009 1236 2070 sanguinolenta
1256 2025 1426 2058 comas.

301 2076 310 2083 '
368 2073 490 2130 Quae
511 2070 629 2121 male
652 2074 813 2121 crinita
833 2080 917 2129 est,
941 2074 1175 2122 custodem
1192 2072 1246 2122 in
1265 2075 1424 2125 limine
1437 2081 1611 2138 pomt3

432 2137 689 2186 Orneturve
711 2137 859 2185 Bonae
882 2152 1060 2200 semper
1079 2140 1127 2187 in
1149 2139 1248 2188 aede
1269 2138 1406 2189 Deae.

365 2202 540 2255 Dictus
549 2219 671 2251 eram
691 2203 872 2251 cuidam
893 2201 1042 2252 subitd
1063 2206 1245 2253 venisse
1263 2205 1454 2268 puellae3

433 2268 635 2315 Turbida
653 2284 887 2330 perversas
908 2269 1058 2316 induit
1076 2269 1155 2317 ina
1174 2285 1341 2318 comes.

368 2333 596 2391 Hostibus
616 2334 795 2381 eveniat
816 2341 909 2381 tam
929 2333 1041 2381 foedi
1062 2350 1222 2383 caussa
1239 2334 1426 2398 pudoris
1432 2351 1452 2393 ς

435 2396 582 2457 Inque
605 2413 745 2444 nurus
770 2396 964 2446 Parthas
986 2399 1179 2447 dedecus
1199 2400 1310 2447 illud
1331 2405 1421 2447 eat.

368 2461 524 2522 Turpe
536 2476 673 2522 pecus
686 2462 916 2509 mutilum:
931 2470 1064 2525 turpe
1076 2470 1146 2511 est
1162 2464 1261 2511 sine
1274 2464 1483 2526 gramine
1490 2462 1708 2529 cumpusg

435 2524 502 2570 Et
523 2525 622 2571 sine
639 2524 800 2573 fronde
819 2526 999 2585 frutex;
1022 2535 1071 2575 et
1089 2530 1189 2575 sine
1208 2529 1334 2576 crine
1354 2535 1506 2590 ceput.
1607 2532 1710 2580 250

370 2586 484 2649 Non
506 2588 614 2633 mihi
637 2590 839 2644 venistis,
864 2591 1057 2647 Semele,
1081 2590 1282 2647 Ledeve,
1304 2592 1552 2654 dooendae5

436 2649 615 2711 Perque
634 2651 800 2700 fretum
820 2654 953 2714 falso,
975 2656 1148 2714 Sidoni,
1168 2664 1302 2706 vecta
1319 2656 1465 2707 buvet
