1867 2942
474 122 541 173 A.
572 117 809 173 samm
840 117 1181 172 mus‘mLA
1214 122 1257 175 1.
1431 112 1559 206 ³03⁸

199 250 353 302 'nitus
370 258 420 302 et
440 250 470 301 ὃ
489 251 638 302 media
660 251 882 317 PhrygIae
894 250 1147 302 Tritonidis
1167 270 1271 303 arce
1286 258 1299 271 ⁴

266 317 439 368 Fatalis
457 319 620 382 palmae
640 321 835 381 pignora
855 326 986 382 capta
1004 320 1103 367 tuli.
1466 324 1535 370 20

200 382 307 432 Nec
327 384 458 432 timui
480 385 748 432 commissus
768 399 915 445 equo;
950 381 1070 432 male
1093 385 1249 433 sedula
1268 385 1477 449 quamvis

266 447 503 498 Clamabat
521 456 663 506 vates,
687 448 836 504 Urite‚
861 448 1024 505 Troes,
1047 464 1241 511 equum:

202 512 365 563 Urite2
406 515 609 562 mendaci
632 514 837 562 celantur
858 516 1018 562 robore
1039 514 1207 562 Achivi
1221 534 1234 547 ·

264 578 333 627 Et
355 577 563 643 Phrygas
583 581 632 627 in
653 580 843 626 miseros
862 580 1022 627 ultima
1041 581 1159 628 bella
1179 581 1345 630 serunt.

199 642 465 694 Perdiderat
482 645 644 693 tumuli
665 659 923 707 supremum
947 660 1112 692 munus
1135 645 1353 703 Achilles,

264 709 357 758 Sed
377 709 560 758 Thetidi
581 718 653 758 est
671 711 871 758 humeris
891 710 1091 758 redditus
1110 711 1186 758 ille
1206 712 1334 760 meis.

196 774 303 824 Nec
321 774 677 823 laudemDanai
698 778 826 823 tanto
847 773 1039 823 renuere
1058 776 1227 823 labori:

260 839 423 905 Erepti
443 840 636 904 pretium
659 840 860 902 corporis
880 855 1006 888 arma
1028 840 1126 887 tuli.

197 904 327 962 Quid
346 904 520 953 refert?
551 904 714 967 pelago
736 911 845 952 sunt
865 905 1038 953 obruta.
1071 904 1183 953 Non
1204 906 1314 953 mihi
1338 907 1520 963 classes.

260 969 373 1019 Non
393 971 507 1017 socii
529 976 769 1032 superant:
809 971 962 1017 omnia
980 977 1147 1032 pontus
1168 972 1316 1022 habet.
1457 977 1531 1021 30

193 1034 333 1085 Solus
351 1035 497 1083 adhuc
518 1049 710 1090 mecum,
732 1035 810 1095 qui
830 1049 905 1083 me
924 1042 996 1082 tot
1017 1036 1194 1083 casibus
1215 1051 1334 1089 unus

261 1099 477 1157 Duravit,
499 1100 676 1164 patiens
696 1099 754 1146 ad
774 1099 905 1154 mala,
926 1108 1101 1162 perstat
1121 1101 1284 1150 Amor.

193 1162 334 1213 Illum
356 1180 450 1213 non
471 1165 615 1213 avidis
637 1165 821 1212 canibus
843 1163 1007 1212 Niseia
1025 1166 1160 1228 virgo

261 1229 447 1294 Fregit:
486 1245 579 1278 non
601 1229 784 1277 tumidis
803 1236 924 1277 torta
947 1228 1200 1292 Charybdis
1223 1232 1374 1295 aquis:

193 1294 308 1345 Non
328 1295 451 1344 ferus
471 1295 755 1359 Antiphates,
780 1310 865 1342 nec
885 1295 933 1342 in
957 1309 1050 1342 uno
1071 1311 1261 1360 corpore
1279 1298 1449 1347 dissors

262 1358 462 1409 Parthen
581 1360 757 1407 blandis
776 1360 992 1408 insidiosa
1010 1362 1171 1409 modis.

195 1425 309 1475 Non
330 1427 452 1487 quod
463 1376 563 1475 ‘gi

260 1490 372 1539 Non
394 1493 515 1554 quod
535 1492 778 1539 sollemnes
798 1492 941 1540 altera
961 1491 1090 1540 Diva
1109 1499 1248 1542 toros.

194 1554 405 1618 Utraque
425 1573 475 1604 se
495 1558 625 1604 nobis
645 1557 853 1604 mortalia
871 1558 1053 1619 demere
1071 1557 1149 1605 fila

259 1621 545 1684 Spondebat:
587 1621 775 1682 Stygias
796 1628 987 1684 utraque
1006 1637 1142 1684 posse
1161 1623 1273 1671 vias.
1458 1628 1527 1673 40

191 1686 451 1740 Te-tamen,
473 1683 566 1732 bac·
579 1686 715 1733 etiam
738 1685 887 1748 spreta
905 1687 1126 1743 mercede,
1147 1688 1301 1751 petivi,

257 1751 484 1801 Passurus
502 1747 625 1797 terr&
645 1756 715 1798 tot
733 1750 864 1805 mala,
885 1758 1045 1814 totque
1064 1754 1194 1800 mari.

192 1817 286 1868 Sed
306 1825 359 1865 tu
378 1814 576 1865 femineo
599 1828 722 1862 nunc
738 1814 895 1863 forsan
916 1817 1102 1865 nornine
1121 1824 1256 1875 tacta,

252 1881 366 1931 Non
387 1897 545 1930 secura
564 1881 692 1944 leges
711 1887 862 1929 cetera
880 1881 1021 1930 verba
1038 1897 1159 1931 mea.

187 1947 400 2010 Quaeque
415 1948 525 1995 mihi
548 1945 697 2002 Circe,
720 1961 825 2008 quae
845 1948 906 1994 sit
926 1947 1037 1995 mihi
1058 1963 1217 1997 caussa
1241 1946 1457 2013 Calypso,

252 2012 530 2063 Jamdudum
548 2012 711 2076 ignoto
732 2011 976 2060 sollicitere
994 2019 1134 2062 metu.

188 2075 333 2130 Certe
348 2094 439 2142 ego
454 2076 559 2127 culm
577 2072 846 2133 Antinoum,
863 2077 1192 2141 Polybumque,
1208 2076 1526 2143 Medontaque

251 2143 365 2193 Heu
384 2151 485 2193 toto
507 2144 695 2208 sanguis
716 2158 904 2207 corpore
922 2143 1076 2191 nullus
1096 2143 1222 2193 erat!
1324 2171 1329 2176 ·
1389 2143 1521 2210 [legi.
1572 2187 1581 2193 .

185 2207 283 2258 Tot
293 2210 490 2272 juvenes
509 2211 642 2265 inter,
666 2215 737 2257 tot
756 2210 865 2257 vina
883 2209 1081 2265 licentia,

251 2273 374 2339 (Hei
394 2274 529 2323 mihi!
567 2290 660 2337 quo
682 2275 861 2323 credam
882 2276 1075 2340 pignore
1084 2272 1132 2338 ἲ)
1158 2280 1283 2323 casta
1301 2274 1489 2323 manes?

183 2337 343 2390 Curve
362 2340 544 2404 placent
566 2340 658 2395 ulli,
683 2342 720 2388 si
744 2347 851 2389 sunt
871 2341 920 2388 in
942 2340 1126 2389 fletibus
1147 2355 1242 2396 ora,
1458 2343 1515 2389 51

388 2406 448 2452 rit
469 2413 517 2452 et
535 2404 735 2453 lacrimis
756 2421 850 2454 non
873 2405 1010 2454 decor
1030 2407 1120 2456 iste
1138 2404 1256 2454 tibi?
1526 2457 1537 2465 ,

182 2467 330 2519 Pacta
349 2465 532 2534 quoque
552 2471 839 2528 esthalamo,
862 2472 951 2521 nisi
971 2472 1171 2521 mendax
1191 2470 1282 2520 tela
1303 2477 1522 2528 moretur,

246 2534 317 2585 Et
337 2543 539 2601 coeptum
560 2551 749 2584 revoces
769 2535 930 2586 callida
952 2553 1130 2602 semper
1151 2552 1281 2601 opus.

179 2602 276 2651 Ars
296 2601 371 2667 pia
382 2619 399 2661 3
434 2602 515 2650 sed
536 2602 717 2663 quoties
737 2603 894 2652 oeulos
914 2602 1188 2652 frustrabere
1208 2602 1327 2660 lana,

245 2667 518 2720 Successum
540 2668 677 2717 toties
698 2683 773 2718 ars
794 2669 915 2718 dabit
934 2669 1024 2718 ista
1043 2669 1125 2717 tibi
1137 2668 1162 2715 ⁰?

169 2746 330 2785 vot-1.
1042 2738 1131 2782 21>

563 1426 729 1475 chiacis
752 1424 888 1475 Circe
908 1427 1152 1475 tentaverit
1170 1427 1334 1485 herbis,
