1867 2942
282 134 287 139 -
321 117 384 165 14
659 112 718 162 P.
750 94 988 162 ovlmr
1015 112 1316 164 NAsoms

318 244 420 295 Aut
440 258 557 306 quas
573 244 790 293 semideae
811 243 1044 307 Dryades,
1076 245 1316 309 Faunique
1334 243 1556 303 bicornes,
1572 243 1581 248 “

381 308 591 359 Numine
609 317 847 359 contactas
865 317 1105 359 attonuere
1126 327 1227 359 suo.
1593 317 1672 363 50

316 373 534 437 Namque
554 376 666 423 mihi
687 375 901 432 referunt,
918 374 1024 429 edm
1048 392 1099 424 se
1117 377 1247 425 furor
1267 377 1345 424 ille
1366 378 1560 436 remisit,

382 440 567 488 Omnia.
629 441 719 490 Me
738 443 923 490 tacitam
947 443 1158 490 conscius
1179 445 1273 490 urit
1293 441 1458 493 Amor.

317 502 532 557 Forsitan
552 507 674 554 hune
694 508 877 570 generis
896 507 994 555 fato
1014 509 1253 556 reddamus
1273 523 1505 569 amorem3

383 570 452 620 Et
473 571 637 620 Venus
659 569 686 620 ὲ
706 570 805 621 tota
825 580 966 635 gente
983 573 1153 621 tributa
1173 581 1313 636 petat.

315 634 499 701 Jupiter
518 636 740 701 Europen
762 639 928 702 (prims
949 646 1021 686 est
1039 655 1096 687 ea
1114 640 1270 702 gentis
1289 636 1445 704 origo)

384 701 580 760 Dilexit,
608 711 740 752 tauro
762 704 1073 752 dissimulante
1094 704 1268 752 Deum.

319 766 547 830 Pasiphae'e'
563 776 720 825 mater,
744 769 934 832 decqito
956 770 1136 818 subdita
1152 778 1299 826 tauro,

383 832 540 883 Enixa
558 842 629 882 est
648 842 778 883 utero
800 835 976 882 crimen
997 850 1203 897 onusque
1232 852 1331 884 suo.

319 897 530 948 Perfidus
549 900 759 963 AEgides,
783 901 996 948 ducentia
1014 900 1092 948 fila
1112 907 1307 957 secutus,

385 963 545 1014 Cum
563 981 683 1013 meae
700 965 823 1028 fugit
845 972 968 1013 tecta
987 967 1156 1013 sororis
1176 980 1277 1028 ope.
1592 972 1666 1018 60
1737 974 1742 975 ’

318 1029 399 1079 En
420 1046 511 1094 ego
532 1045 669 1087 nunc,
690 1046 751 1078 ne
771 1028 894 1077 forte
911 1046 1071 1093 perum
1095 1030 1279 1095 Minoia
1299 1031 1471 1088 credar,
1656 1038 1662 1045 “

386 1095 445 1143 In
467 1096 614 1144 socias
631 1095 774 1158 leges,
795 1096 956 1143 ultima
976 1097 1141 1158 gentis,
1164 1112 1233 1144 eo.

321 1160 432 1209 Hoc
453 1176 634 1223 quoque
652 1161 790 1208 fatale
809 1166 904 1208 est:
942 1162 1112 1224 placuit
1132 1163 1295 1210 demus
1315 1176 1409 1210 una
1428 1161 1619 1212 duabus.

387 1225 476 1273 Me
494 1231 573 1273 t'ua
592 1225 742 1273 forma
761 1227 893 1289 capit,
916 1233 1049 1289 capta
1067 1235 1255 1290 parente
1273 1241 1420 1279 soror.

318 1289 544 1339 Thesides
564 1290 865 1353 Theseusque
882 1292 997 1339 duas
1015 1308 1204 1356 rapuere
1224 1308 1420 1341 sorores·

302 1409 305 1413 ,
388 1355 558 1405 Ponite
577 1357 635 1404 de
655 1363 812 1405 nostra
830 1358 939 1404 bina
956 1365 1131 1421 tropaea
1151 1359 1303 1407 domo.

318 1420 563 1484 Tempore,
582 1437 676 1484 quo
697 1422 828 1470 vohis
847 1424 963 1471 inita
983 1431 1055 1471 est
1077 1422 1282 1473 Cerealis
1302 1422 1514 1483 Eleusin,

388 1487 567 1535 Gnosia
586 1503 663 1535 me
681 1487 848 1536 vellem
870 1488 1139 1537 detinuisset
1160 1491 1340 1538 humus·

320 1551 459 1602 Tunc
478 1553 590 1601 mihi
609 1550 840 1617 precipue
855 1554 965 1618 (nec
987 1570 1080 1602 non
1100 1562 1256 1603 tamen
1270 1553 1400 1618 ante)
1418 1555 1628 1619 placebas
1644 1575 1658 1604 z

388 1617 513 1666 Acer
532 1618 581 1666 in
602 1619 820 1666 extremis
839 1620 1015 1667 ossibus
1035 1621 1170 1668 haesit
1191 1635 1332 1669 arnor.
1515 1636 1520 1643 ·
1592 1624 1668 1671 70

325 1682 533 1734 Candida
551 1685 694 1733 vestis
712 1691 823 1740 erat,
843 1686 1079 1748 praecineti
1099 1685 1215 1734 flore
1235 1686 1414 1749 capilli:

389 1747 534 1798 Flava
553 1750 837 1798 verecundus
862 1751 1065 1798 tinxerat
1083 1766 1165 1800 ora
1185 1753 1335 1800 rubor.

326 1814 569 1877 Quemque
588 1823 757 1864 vocant
768 1817 870 1863 aliae
883 1816 1062 1864 vultum
1077 1817 1368 1880 rigidumque
1378 1823 1668 1880 trucemque,

391 1879 487 1929 Pro
507 1882 668 1945 rigido,
692 1880 889 1930 Phaedra
899 1883 1071 1945 judice,
1090 1882 1224 1935 sortis
1244 1890 1360 1931 erat·

325 1946 431 1996 Sint
449 1948 609 2010 procul
627 1942 657 1995 ὃ
678 1948 807 1996 nobis
819 1949 1029 2012 juvenes,
1053 1956 1107 1996 ut
1124 1948 1307 2009 femina,
1330 1947 1487 1996 comti-

389 2010 508 2061 Fine
527 2013 617 2061 coli
637 2014 817 2061 modioo
835 2014 985 2062 forma
1002 2014 1150 2062 virilis
1169 2021 1305 2062 amat.

324 2077 399 2132 Te
418 2085 527 2127 tuus
545 2079 635 2126 iste
654 2080 794 2141 rigor,
814 2079 1044 2142 positique
1064 2080 1164 2127 sine
1184 2073 1283 2128 ar'te
1304 2078 1467 2144 eapilli,

390 2142 460 2191 Et
478 2144 594 2191 levis
616 2145 806 2207 egregio
824 2144 979 2207 pulvis
999 2146 1048 2192 in
1070 2161 1152 2192 ore
1172 2145 1318 2193 decet.

327 2209 439 2258 Sive
456 2210 622 2258 ferocis
643 2210 748 2270 equi
765 2210 988 2258 luctantia
1007 2211 1125 2258 colla
1143 2225 1386 2269 recurvas3

392 2274 583 2337 Exiguo
604 2274 752 2322 flexos
771 2276 921 2322 miror
933 2276 984 2322 in
1006 2277 1116 2325 orbe
1133 2277 1289 2338 pedes.
1601 2272 1686 2324 80¹

328 2340 422 2389 Seu
443 2347 625 2388 vastum
645 2341 799 2388 valido
817 2347 1004 2403 torques
1025 2342 1190 2390 hastile
1207 2342 1381 2389 lacerto
1397 2354 1415 2399 ς

393 2403 490 2453 Ora
509 2404 643 2453 ferox
661 2406 713 2453 in
730 2421 785 2454 se
804 2420 940 2455 versa
956 2407 1156 2455 lacertus
1176 2409 1325 2456 habet.

330 2470 439 2519 Sive
460 2478 590 2525 tenes
610 2471 709 2518 lato
726 2472 951 2521 venabula
971 2486 1138 2521 cornea
1157 2473 1294 2521 ferro.

394 2534 623 2597 Denique,
646 2544 804 2585 nostra
813 2538 956 2600 juvat
973 2539 1159 2594 lumina,
1181 2537 1400 2600 quidquid
1419 2552 1545 2600 agas.
1621 2568 1627 2573 -

328 2598 405 2647 Tu
426 2597 565 2648 mod&
586 2601 796 2649 duziu'em
819 2602 948 2650 silvis
968 2604 1147 2667 depone
1157 2603 1369 2665 jugosis:

393 2664 505 2713 Non
528 2678 630 2715 sum
645 2665 841 2716 materia
856 2668 998 2731 digna
1016 2671 1163 2733 perire
1184 2662 1278 2715 tud.
