1867 2942
414 130 1042 209 AnnsjAmAToRm
1088 131 1194 183 ω.
1217 134 1313 184 111.
1444 133 1541 187 229
1590 118 1619 162 '-

218 258 332 311 Nec
349 268 498 310 tamen
518 263 593 311 hae
612 266 787 311 mentes
808 262 964 311 nostra
981 271 1229 326 poscuntur
1247 267 1305 314 ab
1324 273 1433 314 arte.

287 323 579 376 Conveniunt
600 329 774 389 cymbae
794 329 895 375 vela
915 329 1091 375 minora
1109 344 1239 378 meae.
1315 354 1319 361 ι

217 386 318 446 Nil,
340 392 426 439 nisi
445 392 598 440 lascivi
620 410 699 456 per
719 408 793 440 me
813 393 1045 441 discuntur
1062 410 1268 442 amores:

284 455 474 504 Femina
491 459 742 520 praecipiam
762 473 855 519 quo
876 458 935 504 sit
955 459 1145 506 amanda
1163 461 1311 508 r'nodo.

217 518 410 577 Femina
430 537 513 568 nec
534 521 750 576 flammas,
773 538 858 569 nec
880 538 1029 570 saevos
1050 523 1233 571 discutit
1251 540 1395 573 arcus.

285 583 472 634 Parcius
492 588 590 633 haec
610 587 741 634 video
762 587 852 633 tela
871 603 1035 635 nocere
1054 588 1176 637 viris.
1466 595 1539 637 30

216 649 352 712 Saepe
371 651 456 697 viri
474 650 662 708 fallunt;
695 658 861 699 tenerae
883 668 975 699 non
999 667 1119 715 saepe
1137 654 1320 716 puellae:
1522 662 1528 666 “

282 713 533 778 Paucaque,
556 717 593 762 si
614 730 800 777 quaeras,
824 717 1011 763 crimina
1023 717 1190 764 fraudis
1211 719 1388 767 habent.

215 778 425 835 Phasida,
438 782 539 842 jam
560 791 763 835 matrem,
784 780 919 828 fallax
942 782 1109 829 dimisit
1131 781 1266 830 Iason
1285 802 1297 831 t

279 843 422 892 Venit
443 846 489 890 in
513 845 730 892 AEsonios
751 846 889 892 altera
909 854 1049 908 nupta
1069 848 1207 896 sinus.

215 909 448 965 Quantum
470 911 517 957 in
540 918 597 965 te,
620 909 815 964 Theseu,
839 910 1045 958 volucres
1066 911 1268 960 Ariadna
1288 915 1486 964 marinas

279 973 424 1029 Pavit,
448 976 495 1021 in
516 976 673 1037 ignoto
695 976 791 1025 sola
811 975 966 1023 relicta
983 976 1100 1023 loco.

214 1038 395 1095 Quaere,
417 1055 584 1087 novem
603 1056 684 1087 cur
702 1040 794 1087 isse
814 1041 909 1087 vias
929 1041 1129 1098 dicatur3
1164 1049 1212 1089 et
1232 1044 1340 1090 audi

278 1102 514 1168 Depositis
537 1105 672 1152 silvas
695 1105 905 1166 Phyllida
925 1104 1059 1153 finisse
1080 1107 1234 1155 comis.
1412 1164 1413 1171 ἵ

208 1169 279 1218 At
298 1169 464 1218 famam
483 1170 661 1233 pietatis
681 1171 841 1229 habet3
875 1178 1027 1217 tamen
1048 1172 1211 1233 hospes
1232 1180 1281 1219 et
1300 1183 1452 1222 ensem

274 1234 556 1291 Praebuitret
574 1251 776 1284 caussam
797 1237 968 1289 mortis,
993 1235 1156 1291 Elissa,
1179 1245 1284 1284 tuae.
1464 1243 1533 1286 40

210 1299 337 1355 Quid
355 1317 438 1348 vos
458 1300 707 1363 perdiderit,
729 1301 873 1348 dicam
885 1300 908 1346 Ρ
943 1299 1166 1348 Nescistis
1187 1317 1354 1349 amare.

272 1364 435 1413 Defuit
455 1381 526 1413 ars
546 1366 686 1414 vobis.
719 1365 837 1413 Arte
856 1373 1074 1429 perennat
1094 1381 1233 1412 amor.

206 1430 345 1479 Nunc
365 1446 540 1493 quoque
561 1431 813 1479 nescirent:
852 1431 932 1478 sed
953 1446 1028 1476 me
1050 1429 1279 1492 Cytherea
1297 1432 1464 1481 docere
1502 1478 1511 1483 .

267 1494 440 1546 Jussit:
478 1504 526 1544 et
546 1505 652 1543 ante
670 1496 826 1543 oeulos
847 1496 1050 1543 constitit
1070 1496 1167 1558 ipsa
1186 1503 1327 1549 meos.

203 1560 326 1609 Tum
346 1561 469 1616 mihi,
493 1560 618 1615 Quid
637 1561 827 1616 miserae,
851 1561 978 1615 dixit,
1001 1575 1204 1607 meruere
1223 1560 1415 1624 puellae?

265 1625 476 1679 Traditur
495 1624 676 1670 armatis
696 1625 862 1686 vulgus
882 1627 1055 1672 inerme
1074 1625 1195 1672 viris.

198 1690 312 1738 Illos
334 1687 525 1741 artifices
544 1688 713 1749 gemini
733 1689 881 1735 fecere
899 1689 1035 1735 libelli
1052 1706 1065 1735 z

266 1753 387 1802 Haec
407 1766 586 1814 quoque
604 1766 708 1814 pars
728 1752 912 1799 monitis
932 1753 1174 1801 erudienda
1192 1756 1296 1804 tuis.

202 1821 374 1869 Probra
392 1816 689 1878 Therapnaeae
709 1817 786 1878 qui
806 1817 981 1863 dixerat
1001 1815 1108 1864 ante
1129 1821 1316 1877 marim,

264 1884 386 1933 Mox
406 1881 572 1930 cecinit.
587 1881 740 1929 laudes
759 1883 1040 1945 prosperiore
1058 1881 1171 1947 lyra.
1452 1889 1519 1934 50

200 1950 254 1997 Si
269 1951 384 1997 bene
403 1956 450 1995 te
471 1947 593 2002 novi,
616 1947 759 1995 cultas
775 1963 833 1996 ne
852 1947 971 1995 laede
990 1947 1188 2009 puellas:
1488 1960 1503 1967 ‘

266 2015 438 2069 Gratia,
459 2013 568 2059 dum
588 2013 730 2069 vives,
751 2013 839 2061 ista
857 2013 1050 2075 petenda
1069 2013 1162 2061 tibi.
1428 2059 1437 2067 ,

197 2078 361 2127 Dixit:
398 2087 446 2127 et
466 2074 494 2126 ὲ
514 2084 668 2140 myrto
690 2079 864 2142 (myrto
886 2092 992 2125 nam
1013 2078 1165 2125 vincta
1182 2080 1366 2141 espillos

264 2141 560 2205 Constiterat)
583 2143 756 2198 folium,
778 2158 1010 2206 granoque
1028 2158 1171 2205 pauca
1189 2143 1326 2191 dedit.

200 2209 431 2258 Sensimus
450 2211 645 2273 ace‘eptis
665 2225 833 2257 numen
853 2224 1046 2272 quoque.
1080 2206 1244 2257 Purior
1265 2210 1406 2259 aether
1462 2262 1467 2269 ,
1498 2254 1517 2267 ,ἢ

264 2273 425 2330 Fulsit,
446 2283 493 2323 et
513 2272 540 2322 ὲ
562 2282 660 2323 toto
679 2284 863 2338 pectore
884 2275 1020 2325 cessit
1038 2289 1168 2322 onus.

197 2338 329 2388 Dum
348 2338 457 2399 facit
475 2340 708 2402 ingenium
724 2357 741 2398 ς
772 2341 912 2402 petite
931 2340 1037 2386 hinc
1057 2346 1292 2403 praecepta,
1314 2340 1493 2402 puellae,

225 2450 230 2455 ,
263 2404 392 2460 Quas
410 2403 566 2466 pudor,
588 2412 635 2450 et
647 2406 787 2467 leges,
810 2413 858 2453 et
877 2421 959 2452 sua
969 2406 1076 2468 jura
1096 2405 1263 2453 sinunt.

195 2469 417 2517 Ventura·
437 2483 660 2516 memores
669 2469 767 2532 jaim
789 2485 909 2518 nunc
928 2478 1075 2519 estote
1096 2479 1311 2519 senectae:

264 2534 339 2582 Sic
362 2534 533 2581 nullum
554 2533 683 2580 vobis
703 2541 880 2595 tempus
899 2535 1034 2582 abibit
1054 2536 1188 2584 iners.
1398 2582 1405 2587 ,
1447 2541 1517 2583 60

197 2597 327 2647 Dum
347 2599 465 2655 lieet,
488 2605 689 2657 etvetus
708 2598 843 2648 etiam
866 2613 986 2645 nunc
1007 2599 1137 2647 editis
1157 2616 1333 2659 aunon

259 2662 455 2723 Ludite;
488 2667 600 2712 eun't
618 2664 725 2712 anni
746 2679 871 2712 moro
892 2662 1071 2716 fluentis
1092 2680 1235 2725 aquae.

192 2741 295 2776 vox..
315 2743 346 2776 1.
1062 2744 1091 2775 x
