1867 2942
555 143 890 197 REMEDIA
922 143 1205 196 AMORIS.
1453 154 1546 199 271

209 277 343 327 Nam
364 272 448 325 sibi
470 275 590 339 qudd
611 294 856 341 numquam
876 285 1044 326 tactam
1066 277 1275 326 Briseida
1285 278 1426 343 jurat,
1589 320 1593 324 .

282 342 377 391 Per
399 346 656 406 sceptrum3
691 351 918 407 sceptrum
942 359 1034 391 non
1056 350 1185 406 putat
1205 359 1306 392 esse
1327 343 1472 394 Deos.

208 407 287 457 Di
306 407 486 464 faciant,
510 408 706 457 dominae
724 411 873 472 possis
894 410 1086 456 transire
1106 409 1278 457 relictae
1539 414 1543 418 ’

280 472 493 532 Limina3
526 476 762 556 proposito
784 459 1098 535 sufficiantque
1113 474 1265 536 pedes.

207 537 284 589 Et
302 540 495 602 poteris·
533 537 671 588 modo
690 541 809 587 velle
828 547 951 588 tene.
996 539 1138 586 Nunc
1157 539 1370 599 fortiter
1356 555 1436 596 ire,

278 603 419 659 Nunc
442 620 555 668 opus
575 612 650 653 est·
666 605 802 652 celeri
823 605 1015 652 subdere
1035 604 1181 652 calcar
1201 618 1332 667 equo·-

206 666 304 719 Illo
326 668 637 732 Lotophagos,
659 670 737 717 illo
762 670 978 718 Sirenas
964 685 1013 716 ln
1034 676 1166 717 antro
1252 697 1258 704 ·

277 733 401 783 Esse
419 742 554 797 puta.
594 736 730 783 remis
751 736 894 798 adjice
912 735 1016 782 vela
1035 735 1141 781 tuis.
1446 736 1546 784 790

207 798 360 848 Hune
380 815 571 862 quoque,
594 816 688 862 quo
706 801 931 862 quondam
956 800 1146 846 nimium
1167 799 1307 848 rivale
1328 799 1524 857 dolebas,

277 863 460 912 Vellem
480 865 708 913 desineres
727 866 871 913 hostis
890 865 1056 912 habere
1076 863 1205 912 loco.-

203 928 290 979 At
300 927 437 987 certe,
459 931 667 992 quam‘vis
685 931 802 978 odio
812 936 1087 986 remanente,
1110 930 1279 978 saluta·

201 1036 207 1041 .
275 994 449 1044 Oscula
468 993 573 1044 cum
592 997 794 1058 poteris
773 1011 873 1072 Jam
894 995 1031 1053 dare3
1067 1009 1204 1042 sanus
1224 996 1328 1043 eris.

208 1057 342 1110 Ecce
363 1061 487 1109 cibos
507 1062 643 1109 etiam
667 1060 928 1126 (medicinae
949 1060 1117 1122 fungar
1137 1066 1197 1107 ιιι
1211 1060 1336 1107 omni

276 1123 498 1187 Munere)
522 1141 638 1187 quos
656 1126 820 1190 fugias,
843 1140 1017 1187 quosve
1038 1139 1239 1187 sequare,
1262 1125 1392 1173 dabo.
1480 1180 1485 1185 ,

204 1189 437 1248 Daunius,
460 1207 519 1238 an
542 1190 729 1253 Libyeis
748 1191 909 1239 bulbus
930 1191 1010 1238 tibi
1031 1191 1197 1237 missus
1217 1191 1274 1237 ab
1294 1191 1400 1248 oris,

273 1257 355 1304 An
375 1257 529 1305 veniat
550 1256 772 1320 Megaris,
792 1257 958 1304 noxius
978 1256 1126 1310 omnis
1144 1255 1248 1303 erit.

207 1320 318 1370 Nec
338 1319 490 1369 minus
510 1336 670 1370 erucas
688 1329 843 1386 aptum
862 1322 1008 1370 vitare
1027 1321 1228 1379 salaces,
1302 1356 1309 1362 -
1479 1374 1484 1378 ,

275 1384 344 1435 Ει
364 1387 579 1449 quidquid
597 1386 774 1436 Veneri
792 1402 982 1450 corpora
1001 1393 1157 1434 nostra
1174 1391 1319 1450 parat.
1443 1389 1545 1434 800

210 1449 388 1501 ‘Utilius
405 1469 560 1501 sumas
580 1461 795 1501 acuentes
813 1454 987 1501 lumina
1005 1459 1163 1510 rutas3

276 1515 345 1566 Et
364 1518 579 1580 quidquid
600 1518 772 1566 Veneri
791 1534 981 1580 corpora
1001 1525 1157 1565 nostra
1177 1524 1332 1579 negat-

205 1580 337 1639 Quid
356 1583 594 1644 tibipraecn
456 1584 716 1645 praecipiam
735 1584 794 1629 de
813 1582 988 1630 Bacchi
1006 1597 1206 1637 munere,
1228 1582 1395 1642 quaeris
1408 1578 1432 1626 i’
1526 1620 1535 1631 ,

276 1647 370 1711 Spe
388 1644 570 1694 brevius
588 1648 775 1694 monitis
794 1647 1033 1708 expediere
1052 1647 1181 1693 meis.

211 1711 339 1760 Vina
357 1718 518 1775 parant
537 1712 739 1759 animum
762 1710 948 1766 Veneri,
970 1710 1059 1757 nisi
1076 1710 1271 1773 plurima
1290 1723 1459 1766 sumas,

274 1776 343 1826 Et
364 1783 577 1840 stupeant
596 1777 743 1824 multo
757 1776 894 1824 eorda
913 1775 1105 1853 sepulta
1112 1791 1265 1823 mero.

203 1841 422 1892 Nutritur
440 1847 596 1898 vento,
614 1847 758 1890 vento
775 1840 1072 1902 restinguitur
1090 1834 1229 1903 ignis.

270 1907 415 1957 Lenis
433 1908 516 1956 alit
534 1907 778 1962 flammam,
799 1905 1015 1969 grandior
1036 1920 1146 1952 aura
1164 1911 1312 1953 necat.

205 1972 306 2025 Aut
324 1974 459 2022 nulla
469 1973 673 2029 ebrietas,
695 1979 775 2020 aut
795 1978 922 2018 tanta
943 1971 1015 2026 sit,
1038 1977 1090 2017 ut
1111 1969 1193 2017 tibi
1213 1984 1344 2017 curas

268 2039 473 2103 Eripiat.
512 2038 662 2100 siqua
682 2044 755 2086 est
773 2038 892 2084 inter
914 2043 1164 2097 utramque,
1186 2040 1373 2085 nocet.
1441 2038 1539 2081 810

206 2103 316 2152 Hoc
337 2120 452 2168 opus
472 2104 626 2167 exegi·
665 2102 823 2151 Fessae
843 2103 948 2149 date
970 2106 1092 2148 serta
1114 2101 1296 2147 carinae.

268 2167 557 2233 Contigimus
577 2175 772 2231 potuim,
794 2162 886 2231 quo
907 2166 1017 2214 mihi
1040 2181 1199 2214 cursus
1219 2171 1332 2214 erat.

203 2233 452 2284 Postmodo
474 2235 670 2283 reddetis
691 2246 820 2283 sacro
839 2234 916 2296 pia
935 2239 1046 2280 vota
1064 2232 1239 2294 poetae,

257 2298 483 2351 Carmine
504 2300 649 2349 sanati
666 2299 837 2348 femina
855 2299 1017 2361 virque
1035 2312 1156 2345 meo

480 2442 816 2481 muli
847 2443 1070 2477 ΔΜΟΒΠΜ
1101 2441 1244 2475 1⁴1le-
