1867 2942
332 152 400 200 22
672 147 731 198 P.
761 147 996 198 OVIDII
1028 147 1336 199 NASONIS

333 279 474 336 Nam,
493 292 552 327 ne
570 286 703 342 pacta
722 279 802 327 tibi
820 286 990 342 praeter
1009 295 1112 327 mea
1132 295 1275 344 regna
1294 280 1476 335 redires,

400 342 522 394 Cum
544 352 752 408 cuperes3
784 352 949 393 ventos
970 361 1062 392 non
1083 347 1449 408 habuissepotes.

334 410 599 466 Quamlibet
619 410 809 458 adverso
831 412 1039 474 signetur
1059 412 1250 472 epistola
1264 417 1435 468 vento;

398 475 661 537 Hypsipyle
682 473 821 523 missii
841 476 980 540 digna
1001 477 1146 523 salute
1165 477 1248 523 fui.

334 539 434 590 Cur
453 542 565 587 mihi
584 540 706 589 fama
724 543 860 604 prior,
883 540 1020 602 quum
1045 543 1205 589 nuntia
1224 543 1367 597 litera,
1390 540 1531 597 venit,

401 604 503 653 Isse
527 620 678 653 sacros
701 606 845 654 Marti
868 609 951 654 sub
964 609 1084 671 juga
1101 607 1250 669 panda
1268 605 1445 667 boves?
1614 610 1683 655 10

327 670 588 725 Seminibus
598 673 740 735 jactis
760 680 939 735 segetes
959 670 1164 721 adolesse
1183 674 1401 730 virorum,

395 733 546 798 Inque
567 752 726 785 necem
748 736 910 785 dextra
929 753 1023 785 non
1045 739 1226 801 eguisse
1248 736 1355 785 tua?

330 800 610 865 Pervigilem
633 803 827 865 spolium
847 804 1033 866 pecudis
1055 802 1261 851 serviisse
1281 804 1540 858 draconem,

395 866 551 930 Rapta
570 875 723 916 tamen
743 868 851 916 forti
872 868 1041 918 vellera
1060 869 1187 916 fulva
1207 868 1381 916 manu?

330 929 455 983 Haec
477 949 564 996 ego
588 936 628 981 si
648 950 828 996 possem
851 931 1010 981 timide
1031 935 1328 989 credentibus,
1352 931 1455 982 Ista

392 996 503 1061 Ipse
522 999 633 1045 mihi
650 1001 840 1062 scripsit,
854 1000 1015 1056 dicere,
1032 1010 1203 1062 quanta
1219 998 1393 1047 forem!

328 1061 456 1120 Quid
476 1080 644 1126 queror
658 1066 856 1112 officium
875 1066 991 1112 lenti
1004 1065 1209 1113 cessasse
1223 1063 1411 1112 mariti?

391 1128 686 1191 Obsequium,
708 1146 871 1178 maneo
894 1132 932 1177 si
954 1139 1047 1185 tua,
1068 1127 1243 1193 grande
1261 1130 1363 1179 tuli.

322 1192 528 1242 Barbara
548 1206 756 1244 narratur
775 1197 957 1244 venisse
975 1195 1180 1244 venefica
1198 1202 1367 1251 tecum,

390 1257 449 1306 In
476 1262 587 1308 mihi
608 1262 819 1324 promissi
834 1269 963 1324 parte
974 1268 1156 1323 recepta
1175 1260 1278 1308 tori.
1604 1263 1673 1309 20

322 1322 526 1375 Credula
546 1342 620 1374 res
641 1342 768 1374 amor
789 1335 874 1374 est.
942 1326 1134 1385 Utinam
1156 1325 1396 1375 temeraria
1414 1324 1539 1374 dieat

390 1388 668 1440 Criminibus
686 1392 813 1440 falsis
826 1391 1116 1440 insimulasse
1127 1394 1277 1440 virum
1294 1392 1305 1441 Ξ

294 1452 489 1519 Nuper
502 1458 559 1504 ab
582 1454 844 1506 Haemoniis
865 1460 1031 1520 hospes
1051 1460 1164 1505 mihi
1182 1457 1433 1506 Thessalus
1452 1452 1548 1506 oric

387 1518 594 1570 Venerat
608 1542 622 1581 3
635 1522 705 1570 'et‘
724 1531 896 1571 tactum
917 1525 1000 1577 vix
1012 1526 1128 1572 bene
1141 1525 1281 1572 limen
1304 1531 1403 1572 erat
1418 1536 1456 1570 ι’

321 1583 584 1645 AEsonides‚
608 1590 715 1644 dixi,
738 1587 849 1650 quid
869 1591 967 1653 agit
986 1605 1115 1638 meus
1127 1591 1151 1636 'x’
1185 1589 1272 1638 Ille
1290 1591 1466 1652 pudore

388 1651 558 1710 Haenit,
585 1655 630 1701 in
653 1652 861 1717 opposiffi
880 1654 1056 1703 lumina
1073 1656 1193 1704 fixus
1216 1658 1369 1703 humo.

323 1714 542 1766 Protinus
563 1721 748 1779 exsilui3
782 1722 1038 1784 tunicisque
1058 1720 1087 1769 ὲ
1105 1730 1292 1786 pectore
1310 1720 1470 1783 ruptis,

389 1783 548 1832 Vivit?
581 1801 652 1842 an,
671 1787 889 1843 exclamo,
906 1803 983 1835 me
1004 1804 1184 1850 quoque
1201 1788 1297 1835 fata
1315 1785 1538 1834 trahunt?

210 1886 233 1919 ,⁵
321 1846 468 1906 Vivit,
486 1851 564 1900 ait.
626 1851 951 1915 Timidumque
971 1855 1080 1900 mihi
1095 1856 1253 1917 jurare
1273 1853 1420 1914 coegi·
1469 1876 1477 1887 ι

388 1914 484 1962 Vix
504 1917 631 1972 mihi,
647 1923 766 1966 teste
788 1918 909 1975 Deo,
935 1920 1107 1967 credita
1125 1921 1221 1965 vita
1243 1926 1322 1965 tua
1342 1924 1430 1965 est.
1599 1920 1668 1964 50

321 1979 394 2030 Ut
415 1982 547 2029 rediit
568 1983 758 2040 animus,
781 1992 862 2030 tua
880 1984 1004 2032 facta
1022 1985 1251 2045 requirere
1272 1984 1407 2045 eoepi.
1534 1996 1537 2000 ’

384 2045 570 2102 Narrat,
591 2049 829 2110 aenipedes
852 2050 1023 2096 Martis
1044 2047 1198 2096 arasse
1217 2050 1389 2103 bovesg

318 2109 544 2174 Vipereos
565 2113 722 2160 dentes
743 2115 790 2160 in
812 2115 1003 2160 humum
1024 2128 1107 2174 pro
1123 2114 1297 2160 semine
1306 2115 1475 2177 jactos,

385 2177 454 2224 Et
474 2175 621 2225 subitd
644 2185 781 2226 natos
798 2194 924 2225 arma
944 2177 1103 2225 tulisse
1123 2179 1267 2225 viros:

316 2239 594 2305 Terrigenas
614 2244 817 2306 populos,
842 2243 964 2290 civili
987 2241 1143 2290 Marte
1163 2250 1405 2305 peremto&

383 2306 608 2370 Implesse
629 2311 777 2356 aetatis
801 2308 898 2355 fata
912 2309 1075 2355 diurna
1096 2324 1207 2357 suae.

316 2371 520 2422 Devicto
542 2380 764 2437 serpente,
781 2374 958 2430 iterum,
983 2375 1022 2421 si
1041 2375 1171 2422 vivat
1192 2372 1345 2429 Iason,

383 2439 662 2495 Quaerimus.
728 2436 978 2487 Alternant
998 2455 1191 2503 spesque
1210 2441 1436 2501 timorque
1453 2437 1603 2488 fidem.

314 2503 511 2568 Singula
532 2505 639 2551 dum
662 2513 846 2562 narrat3
881 2506 1032 2554 studio
1056 2504 1280 2567 cursuque
1299 2505 1525 2566 loquendi,

380 2569 576 2632 Detegit
596 2571 783 2633 ingenio
802 2570 995 2620 vulnera
1013 2572 1134 2620 facta
1155 2587 1253 2619 suo.
1491 2596 1501 2610 .
1590 2574 1657 2620 40

313 2633 455 2684 Heu!
493 2636 569 2682 ubi
590 2643 723 2697 pacta
741 2632 888 2683 fides?
922 2638 1000 2685 ubi
1015 2636 1298 2686 connubialia
1308 2634 1448 2698 jura?
1641 2653 1649 2669 ·

380 2698 569 2763 Faxque
590 2702 674 2749 sub
695 2716 876 2750 arsuros
898 2700 1082 2768 dignior
1099 2705 1169 2752 irc
1188 2700 1363 2768 rogos?
