1867 2942
543 171 931 227 HEROIDES„
970 130 1131 227 Enni
1156 177 1251 228 XI.
1483 187 1551 232 43

216 305 316 355 Ibis
339 303 585 368 cecropios
599 313 766 369 portus,
788 305 1016 370 patriaque
1034 316 1239 373 receptus

288 368 410 420 Cum
432 372 609 418 steteris
629 373 750 419 urbis
769 373 915 420 celsus
935 373 985 419 in
1006 389 1106 422 arce
1127 382 1232 431 tuae,

219 434 291 485 Et
310 437 428 490 bene
443 433 633 485 narraris
652 437 794 483 letum
814 438 1017 498 taurique
1037 439 1234 500 virique‚‘

210 512 216 523 ²
287 500 509 562 Sectaque
527 517 608 564 per
628 501 781 548 dubias
802 517 938 550 saxea
963 509 1083 553 tecta
1102 505 1227 563 vias;

216 565 308 614 Me
327 580 504 628 quoque
523 574 702 613 narrato
725 563 820 613 sola
840 568 1001 614 tellure
1020 568 1245 617 relictam:

284 630 399 678 Non
420 647 507 694 ego
529 647 629 679 sum
650 632 790 678 titulis
812 632 1092 694 subripienda
1111 635 1214 681 tuis.
1457 640 1555 685 130

216 694 325 743 Nec
345 703 564 758 pater-est
582 696 762 759 AEgeus
774 713 790 755 ς
814 713 897 745 nec
918 705 971 744 tu
995 695 1246 747 Pittheidos
1267 699 1449 750 AEthrae
1535 732 1540 741 -

283 759 458 808 Filius:
494 768 702 810 auctores
723 776 832 810 saxa
851 762 1104 824 fretumque
1124 765 1206 811 tui.

214 822 289 873 Di
302 825 519 883 facerent,
542 834 595 876 ut
613 843 689 875 me
708 825 886 874 summa
905 828 962 874 de
981 843 1129 890 puppe
1147 828 1355 878 videres!

283 889 514 939 Movisset
533 893 687 940 vultus
706 898 871 940 moesta
888 891 1037 955 figura
1057 900 1174 941 tuos.

215 954 361 1009 Nunc
371 971 550 1019 quoque
561 973 653 1005 non
667 957 820 1012 oculis,
832 957 922 1014 sed‚
938 955 1028 1018 qua
1036 959 1373 1022 potes,.adspioe
1386 968 1557 1011 mente·

285 1019 557 1069 Haerentem
579 1023 776 1085 scopulo,
799 1036 932 1083 quem
955 1037 1074 1086 vaga
1091 1023 1239 1086 pulsat
1258 1039 1389 1087 aqua.

213 1083 416 1149 Adspice
436 1086 654 1135 demissos
674 1088 871 1149 lugentis
891 1088 940 1134 in
961 1104 1040 1135 ore
1060 1089 1271 1150 capillos3

204 1178 213 1185 ·
282 1150 350 1197 Et
371 1153 545 1200 tunicas
563 1153 768 1215 lacrimis,
792 1154 910 1200 sicut
927 1154 984 1201 ab
1005 1153 1157 1208 imbre,
1180 1170 1356 1217 graves.

217 1213 415 1278 Corpus,
435 1225 487 1264 ut
505 1218 710 1280 impulsae
731 1224 910 1280 segetes
930 1217 1241 1280 Aquilonibus,
1265 1220 1416 1267 horret
1428 1237 1443 1268 z

282 1279 526 1342 Litoraque
547 1283 734 1329 articulo
756 1298 909 1345 pressa
929 1289 1150 1331 tremente
1169 1283 1304 1332 labat.
1456 1288 1552 1334 140

214 1344 334 1393 Non
354 1353 403 1392 te
418 1362 500 1408 per
518 1346 741 1402 meritum,
765 1346 978 1408 quoniam
999 1343 1122 1395 male,
1141 1349 1290 1404 cessit,
1312 1348 1465 1399 adoro.

280 1408 453 1458 Debita
473 1411 532 1457 sit
548 1410 670 1458 facto
691 1412 838 1474 gratia
859 1411 984 1459 nulla
1001 1427 1131 1460 meo:

215 1476 312 1523 Sed
331 1490 417 1522 nec
435 1490 572 1538 poena
590 1476 785 1538 quidem.
819 1476 866 1522 Si
889 1491 982 1523 non
1004 1482 1092 1539 egb
1114 1493 1273 1526 caussa
1292 1480 1463 1536 salutis,

280 1539 395 1587 Non
415 1548 567 1587 tamen
587 1548 670 1595 est,
694 1556 774 1588 cur
795 1541 857 1588 sis
878 1548 930 1588 tu
950 1542 1061 1588 mihi
1082 1557 1240 1591 caussa
1260 1545 1402 1594 necis.

213 1604 325 1653 Has
345 1606 437 1660 tibi,
460 1605 714 1668 plangendo
731 1605 942 1667 lugubria
959 1614 1143 1669 pectora
1161 1608 1315 1665 lassas,

282 1666 453 1717 Infelix
473 1672 608 1717 tendo
628 1678 752 1718 trans
772 1671 888 1717 freta
906 1671 1046 1735 longa
1064 1687 1241 1720 manus.

167 1758 175 1767 ι
216 1733 328 1782 Hos
346 1735 439 1791 tibi,
463 1736 538 1797 qui
560 1741 784 1798 superant,
807 1737 996 1784 ostendo
1017 1744 1183 1784 moesta
1201 1738 1400 1801 capillos.
1489 1745 1500 1753 ‘

282 1798 375 1847 Per
394 1799 602 1846 lacrimas
622 1815 716 1854 oro,
740 1814 851 1862 quas
872 1806 954 1846 tua
971 1799 1091 1848 faeta
1110 1810 1327 1851 movent:

119 1849 123 1854 ’
213 1863 380 1915 Flecte
398 1871 555 1920 ratem,
576 1862 760 1911 Theseu
776 1880 792 1922 3
824 1878 1046 1926 versoque
1065 1866 1261 1916 relabere
1280 1869 1404 1918 velo.

282 1929 335 1979 si
349 1926 474 1994 prius
494 1929 727 1987 occider03
761 1935 814 1976 tu
834 1935 987 1977 tamen
1008 1945 1112 1978 ossa
1128 1930 1271 1994 leges.
1353 1979 1364 1986 ,
1457 1912 1552 1984 156

616 2173 626 2181 ,
653 2123 994 2176 EPISTOLA
1028 2125 1124 2176 XI.

639 2270 836 2306 CANAOE
868 2272 1126 2306 monuo.

216 2385 275 2434 S!
295 2399 386 2447 qua
406 2390 556 2434 tamen
578 2388 712 2435 caecis
732 2389 944 2437 errabunt
965 2390 1131 2452 scripta
1148 2385 1295 2436 lituris
1304 2404 1323 2448 3

280 2449 463 2499 Oblitus
483 2448 512 2498 ὃ,
531 2452 728 2500 dominae
747 2455 874 2501 caede
891 2454 1069 2501 libellus
1090 2453 1189 2501 erit.

213 2514 402 2563 Dextra
419 2523 547 2573 tenet
559 2516 809 2576 calamum3
842 2519 1049 2565 strictum
1069 2524 1197 2566 tenet
1216 2517 1356 2568 altera
1365 2517 1549 2574 ferrum.

280 2579 350 2628 Et
359 2581 485 2644 jacet
503 2581 748 2645 iugi-emin
769 2585 922 2631 charta
943 2583 1091 2631 soluta
1110 2599 1228 2643 meo.
1297 2592 1302 2597 ’

214 2644 342 2693 Haec
362 2652 433 2693 est
453 2645 663 2697 AEolidos
682 2646 811 2696 fratri
830 2648 1063 2721 scribentis
1082 2649 1263 2713 imago:

280 2710 360 2760 Sic
381 2711 536 2764 videor
555 2713 669 2765 diuo
688 2727 825 2779 posse
841 2713 1018 2780 plaeere
1037 2715 1165 2780 patri.
