1867 2942
319 161 419 206 120.
651 155 709 205 Ρ.
738 153 972 205 OVIDII
1004 154 1306 207 NASONIS
1340 188 1356 203 .

278 308 285 313 ·
314 285 524 335 Ferreus.
534 294 735 334 orantem
758 287 1069 348 nequicquam,
1082 287 1268 350 =ianitor,
1289 287 1431 337 audis.
1499 310 1504 319 ·

334 382 337 385 -
385 350 641 398 Roboribus
663 352 785 399 duris
800 353 941 414 janua
953 351 1068 399 fulta
1087 354 1220 414 riget.

320 415 518 464 Urbibus
541 417 733 462 obsessis
753 416 923 463 clausae
938 418 1353 479 munimina‘portae

384 478 600 535 Prosint:
637 482 685 527 in
706 479 856 528 media
875 497 986 542 pace
1007 482 1114 542 quid
1135 497 1260 529 arma
1281 481 1446 528 times?
1579 486 1656 531 30

323 544 449 600 Quid
467 545 606 595 facias
621 547 752 601 hosti,
775 547 851 607 qui
875 547 941 592 sic
962 547 1164 593 excludis
1185 554 1412 594 amantem
1424 545 1449 592 ἲ

383 608 612 672 Tempora
630 611 777 657 noctis
796 617 926 658 eunt:
967 618 1131 658 excute
1151 618 1285 673 poste
1306 626 1465 659 seram.

316 673 373 722 N
374 691 434 721 on
456 675 780 737 egoxmilitibus
798 676 934 722 venio
956 677 1196 723 comitatus
1217 684 1265 723 et
1283 677 1433 724 armis.

391 739 526 786 Solus
547 755 682 795 eram,
706 741 747 787 si
766 756 858 787 non
881 756 1032 788 saevus
1054 742 1231 788 adesset
1252 741 1413 788 Amor.

310 803 466 873 'Hunc
486 821 588 868 ego,
613 806 650 852 si
673 806 860 867 cupiam,
884 820 1105 867 nusquam
1129 807 1354 853 dimittere
1372 804 1562 868 possim.

388 867 515 916 Ante
536 870 610 916 vel
631 868 658 916 ὲ
677 871 888 916 membris
909 869 1082 916 dividar
1103 871 1198 931 ipse
1212 871 1341 919 meis.

321 932 455 996 Ergo
479 936 636 989 Amor,
659 941 706 981 et
726 935 1095 980 modicumcirca
1114 950 1217 982 mea
1234 943 1440 998 tempora
1452 934 1618 982 vinum

387 998 575 1046 Mecum
599 1006 681 1054 est,
704 1006 752 1045 et
771 996 960 1045 madidis
980 998 1106 1060 lapsa
1120 1015 1287 1046 corona
1309 1000 1466 1048 comis.

323 1063 468 1112 Arma
488 1067 589 1125 quis
610 1065 709 1110 haec
728 1063 918 1111 timeat?
952 1063 1054 1125 quis
1076 1066 1168 1111 non
1190 1072 1263 1111 eat
1284 1065 1443 1112 obvius
1462 1064 1602 1112 illis?

386 1127 615 1190 Tempora
635 1128 780 1175 noctis
802 1135 933 1175 eunt:
971 1135 1136 1191 excute
1150 1137 1282 1191 poste
1302 1144 1464 1177 seram.
1481 1167 1488 1172 .
1580 1133 1655 1177 40

323 1192 502 1243 Lentus
523 1192 605 1239 es?
626 1206 697 1239 an
717 1207 902 1239 somnus
923 1194 1026 1257 (qui
1047 1191 1238 1241 semul&
1258 1196 1431 1257 praebet
1452 1191 1656 1256 amanti)

388 1257 543 1313 Verba
563 1258 638 1304 dat
659 1259 707 1303 in
726 1264 889 1304 ventos
904 1273 1012 1305 aure
1032 1259 1210 1320 repulsa
1232 1257 1341 1305 tua?

323 1317 393 1371 At·
416 1321 644 1386 (memini)
664 1319 949 1385 primomum
973 1331 1019 1370 te
1040 1324 1185 1370 celare
1205 1324 1403 1372 solebam

301 1402 327 1425 r
390 1385 594 1449 Pervigil
613 1388 663 1434 in,
682 1387 844 1434 mediae
864 1388 1012 1435 sidera
1032 1386 1178 1447 noctis
1198 1404 1311 1436 eras.

222 1500 225 1503 .
325 1451 534 1500 Forsitan
556 1459 603 1499 et
621 1458 772 1499 tecum
794 1459 872 1500 tua
893 1468 1016 1500 nunc
1037 1454 1274 1514 requiescit
1295 1454 1454 1503 amica.

391 1515 502 1563 Heu
519 1517 677 1563 melior
695 1514 865 1578 quanto
886 1534 985 1565 sors
1007 1526 1086 1566 tua
1101 1526 1229 1566 sorte
1246 1518 1377 1568 mei!

326 1580 593 1631 Dummodo
615 1583 691 1637 sic,
714 1583 762 1629 in
783 1597 858 1630 me
876 1583 1005 1631 durae
1020 1585 1208 1632 transite
1222 1592 1410 1631 catenae.

390 1644 618 1708 Tempora
638 1648 786 1695 noetis
806 1655 939 1695 eunt:
980 1657 1142 1696 excute
1162 1646 1294 1711 poste
1314 1663 1474 1697 seram.

327 1711 574 1761 Fallimur?
607 1728 665 1759 an
685 1727 819 1760 verso
841 1721 1091 1762 sonuerunt
1110 1715 1291 1761 cardine
1309 1713 1500 1776 postes?

393 1776 640 1840 Raucaque
661 1793 893 1825 concussae
913 1777 1232 1841 signadedere
1250 1778 1404 1826 fores?
1559 1816 1564 1823 .
1591 1782 1667 1828 50

328 1841 573 1897 Eallimut:
612 1843 804 1904 impulsa
824 1850 894 1890 est
914 1845 1120 1891 animoso
1132 1845 1275 1907 janua
1288 1850 1444 1891 vento.

394 1905 490 1954 Hei
513 1908 635 1962 mihi,
657 1905 792 1968 quam
812 1905 954 1970 longe
968 1923 1095 1970 spem
1116 1909 1222 1955 tulit
1242 1923 1352 1956 aura
1372 1908 1550 1958 meam!

329 1964 378 2020 Si
402 1971 512 2018 satis
533 1988 583 2019 es
604 1978 759 2034 raptae‚
782 1971 948 2027 Borea,
971 1986 1147 2020 memor
1168 1972 1407 2034 Orithyiae,

395 2035 508 2084 Huc
529 2038 648 2092 ades,
671 2044 717 2083 et
739 2038 897 2084 surdas
918 2037 1103 2086 flamine
1116 2037 1258 2088 tunde
1276 2038 1412 2087 fores.

330 2100 461 2149 Urbe
468 2102 616 2160 ¹silent
636 2099 753 2148 tota:
792 2103 1028 2164 vitreoque
1048 2104 1275 2150 madentia
1293 2119 1398 2150 rore

388 2165 622 2228 Tempora
641 2166 788 2214 noctis
809 2174 943 2214 eunt:
984 2175 1148 2216 excute
1166 2175 1300 2231 poste
1320 2183 1482 2215 seram.

329 2230 430 2280 Aut
450 2247 549 2293 ego·
551 2233 650 2294 jam
663 2231 874 2292 ferroque
894 2233 1080 2294 ignique
1099 2235 1296 2296 paratior
1312 2234 1425 2295 ipse

397 2295 548 2350 Quem
569 2296 669 2345 face
691 2298 905 2351 sustineo,
927 2303 1050 2344 tecta
1064 2299 1255 2360 superba
1272 2305 1441 2360 petam.
1461 2327 1468 2331 —
1525 2338 1530 2341 Α
1635 2328 1642 2333 -

329 2359 458 2415 Nox,
480 2368 527 2408 et
549 2361 709 2416 Amor,
732 2362 991 2422 vinumque,
1014 2363 1126 2409 nihil
1146 2363 1416 2410 moderabile
1431 2362 1676 2411 student(

397 2423 486 2470 Illa
504 2425 675 2486 pudore
695 2433 853 2474 vacat:
893 2425 1034 2473 Liber
1054 2427 1451 2488 Amorquemetu.
1590 2430 1671 2483 ‚60

334 2487 504 2539 Omnia
524 2492 772 2537 consumsi:
814 2506 898 2538 nec
920 2497 968 2538 te
986 2492 1251 2552 precibusve
1259 2493 1467 2541 -minisve

398 2551 649 2608 Movimu&
671 2551 700 2601 6
717 2554 889 2603 foribus
909 2556 1086 2603 surdior
1104 2557 1200 2618 ipse
1220 2556 1326 2604 tuis.

330 2614 449 2663 *Non
471 2623 518 2662 te
536 2617 750 2665 formosae
772 2620 922 2667 decuit
943 2635 1121 2668 servare
1140 2621 1307 2683 puellae

401 2677 605 2730 Liminaz
643 2682 837 2747 sollicito
855 2692 1042 2737 earcere,
1058 2686 1225 2749 dignus
1239 2698 1360 2749 etu-
