1867 2942
544 147 855 200 Amonmu
907 149 1016 212 Ln-
1040 149 1108 200 11.
1136 156 1212 202 ιε.
1452 160 1546 218 ιεε

221 281 327 329 Aut
338 280 560 356 Juvenum
582 281 769 327 comites
781 281 1027 343 jussissent
1046 282 1113 328 ire
1132 282 1317 344 puellas,

290 345 339 393 si
360 344 479 392 fuit
467 359 514 391 ιιι
535 345 695 407 longas
716 351 835 392 terra
857 346 1049 393 secanda
1068 348 1178 395 vias.

217 408 346 457 Tum
368 410 489 464 mihi,
513 411 551 456 si
571 424 818 472 premerem
838 418 1050 459 ventosas
1072 413 1279 459 liorridus
1300 409 1455 477 Alpes,

289 474 577 538 (Dummodo
599 490 701 522 cum
724 474 923 536 domina)
948 473 1084 522 molle
1104 476 1262 524 fiiisset
1282 478 1382 526 iter
1468 485 1536 530 20

220 536 346 589 Cum
368 539 549 586 domina
570 538 767 600 Libycas
786 541 928 588 ausim
949 556 1237 603 perrumpere
1259 543 1431 604 Syrtes,

285 604 354 651 Et
375 604 481 652 dare
501 619 593 651 non
617 605 755 666 aequis
776 605 879 652 vela
896 605 1080 653 ferenda
1101 606 1254 655 Notis.

217 667 347 724 Non,
370 684 475 730 quae
493 670 699 732 virgineo
719 676 928 732 portenta
949 671 1064 717 sub·
1052 674 1239 733 inguine
1259 673 1452 734 latrant·

288 733 391 781 Nec
412 734 594 782 timeam
615 741 805 788 vestros,
829 750 968 783 curva
990 735 1158 791 Malea,
1183 738 1329 784 sinus·

219 797 338 846 Non
356 796 455 860 qud,
479 800 719 846 submersis
739 800 905 847 ratibus
927 805 1135 855 saturata,
1162 799 1414 864 Charybdis

286 863 469 919 Fundit,
491 871 540 910 et
559 862 721 912 effiisas
743 879 821 910 ore
841 866 1042 911 resorbet
1062 880 1213 925 aquas.

221 925 361 983 Quod
382 928 420 976 si
443 927 708 991 Neptunum
729 935 919 977 ventosa
938 931 1140 992 potentia
1159 931 1316 987 vincit,

286 992 355 1040 Et
376 994 673 1041 subventuros
694 993 866 1041 auferet
887 995 1008 1042 unda
1028 992 1189 1052 Deos·
1252 1039 1261 1046 .

121 1069 140 1090 ‘
217 1055 298 1105 Tu
320 1059 484 1106 nostris
504 1058 661 1106 niveos
682 1058 880 1105 humeris
900 1059 1081 1121 impone
1103 1060 1316 1109 lacertos-

290 1120 493 1185 Corpore
513 1138 597 1171 nos
617 1122 737 1170 facili
758 1123 889 1170 dulce
907 1122 1105 1172 feremus
1125 1139 1255 1172 onus.
1467 1130 1537 1174 30
1571 1117 1579 1124 ⁹

221 1186 358 1299 que
376 1195 534 1253 petens
556 1186 722 1235 Hero
701 1188 885 1250 Juvenis
905 1195 1159 1237 tranaverat
1180 1190 1338 1237 undas.
1510 1195 1515 1204 ’

333 1267 421 1299 unc
440 1268 618 1314 quoque
638 1251 889 1310 tranasset3
923 1253 1003 1300 sed
1022 1255 1098 1302 via
1118 1269 1239 1302 caeca
1258 1254 1357 1303 fuit.

218 1316 291 1366 At
311 1318 408 1365 sine
417 1319 487 1373 ta,
511 1318 718 1379 quamvis
739 1318 914 1395 operosi
933 1318 1101 1366 vitibus
1123 1320 1222 1382 agri

286 1380 372 1430 Me
393 1389 588 1439 teneant,
610 1384 815 1445 quamvis
837 1383 1041 1431 amnibus
1063 1398 1172 1432 arva
1193 1390 1363 1441 natent,

219 1445 291 1499 Et
309 1454 443 1495 vocet
462 1448 510 1496 in
533 1449 655 1497 rivos
674 1455 907 1511 parentem
931 1451 1123 1496 rusticus
1145 1448 1326 1505 undam,

285 1510 559 1575 Frigidaque
578 1514 785 1562 arboreas
805 1514 1003 1562 mulceat
1023 1528 1133 1562 aura
1152 1529 1332 1573 comas3

218 1576 333 1625 Non
348 1593 437 1641 ego
460 1577 680 1640 Peligna·
698 1578 855 1627 videor
875 1579 1098 1628 celebrare
1119 1579 1342 1627 salubres·

283 1641 397 1690 Non
418 1658 506 1704 ego
529 1643 736 1697 natalem,
759 1658 864 1691 rura
882 1650 1081 1705 paterna,
1103 1643 1281 1701 locum,

221 1705 314 1756 Sed
331 1707 577 1769 Scythiam,
596 1705 853 1767 cilicasque
866 1707 999 1761 feros,
1013 1706 1265 1769 viridesque
1279 1706 1540 1764 Britannos,
1591 1707 1595 1716 '

285 1772 495 1833 Quaeque
517 1769 790 1818 Prometheo
810 1785 920 1818 saxa
939 1785 1098 1817 cruore
1117 1773 1291 1819 rubent.
1475 1778 1541 1820 40

220 1835 393 1887 Ulmus
413 1842 536 1883 amat
557 1835 712 1890 vitem,
733 1835 839 1886 vitis
860 1850 953 1884 non
975 1835 1141 1883 deserit
1161 1837 1349 1884 ulmum.
1512 1842 1519 1850 “

285 1902 479 1969 separor
499 1898 527 1947 ὃ
547 1898 729 1948 domina
748 1914 830 1947 cur
849 1916 938 1963 ego
960 1915 1080 1963 saepe
1101 1899 1239 1948 mea?

217 1966 290 2015 At
309 1962 419 2014 inihi
431 1973 496 2013 te
508 1965 718 2014 comitem
729 1962 909 2029 juraras
929 1980 1072 2027 usque
1089 1963 1303 2020 futuram,

287 2031 378 2079 Per
399 2046 485 2088 me,
508 2046 677 2095 perque
698 2031 867 2085 oculos,
890 2030 1037 2078 sidera
1057 2037 1224 2088 nostra,
1247 2037 1367 2079 tuos.

219 2095 375 2145 Verba
393 2097 655 2179 puellarum,
677 2095 796 2144 soliis
817 2096 990 2144 leviora
1005 2095 1197 2150 caducis,

221 2160 430 2275 SiIrrita,
452 2159 542 2224 qud
561 2162 710 2210 visum
731 2169 815 2218 est,
837 2168 1004 2210 ventus
1025 2166 1072 2208 et
1092 2160 1213 2208 unda
1230 2160 1396 2209 ferunt.

325 2243 382 2274 ua
403 2230 493 2274 mei
513 2234 665 2275 tamen
687 2235 759 2275 est
778 2228 826 2275 in
847 2235 896 2274 te
914 2229 992 2290 pia
1012 2241 1120 2274 cura
1139 2226 1315 2283 relicti,

314 2293 445 2354 ncipe
463 2293 673 2354 pollicitis
694 2293 856 2341 addere
874 2291 996 2340 facta
1016 2292 1135 2339 tuis:

131 2421 144 2426 Ω
207 2345 457 2419 'Parvaque
477 2359 804 2419 quamprimum
826 2358 1101 2419 rapientibus
1123 2356 1281 2403 esseda
1300 2353 1523 2408 mannis,

287 2420 393 2484 Ipsa
411 2437 492 2485 per
513 2422 727 2470 admissas
748 2429 942 2470 concute
961 2423 1058 2468 lora
1067 2421 1217 2483 jubas-
1478 2422 1542 2466 50

221 2485 292 2535 At
309 2502 406 2542 vos,
428 2486 517 2549 qui
535 2487 700 2542 veniet,
722 2486 882 2536 tumidi
905 2486 1118 2536 subsidite
1137 2491 1344 2536 mentesa
1500 2487 1523 2498 ’”

286 2550 353 2601 Et
370 2551 525 2602 faciles
544 2553 695 2603 curvis
715 2552 906 2606 vallibus
926 2559 1025 2604 este
1043 2552 1147 2602 τῖε.
