1867 2942
460 84 680 171 ΑΒἸῚξ,
698 90 1087 144 AMATORIAE
1120 93 1228 142 Lm.
1250 93 1349 179 Ill.
1498 101 1593 145 235

271 221 374 271 Aut
395 222 591 280 Helene,
614 240 748 286 quam
771 239 864 272 non
886 222 1038 279 stulte,
1061 225 1288 281 Menona,
1311 229 1521 289 reposcis,
1585 237 1591 244 ·

336 287 412 337 Tu
433 306 613 352 quoque
633 306 725 337 non
748 287 899 345 stulte,
921 291 1064 338 Troie
1085 298 1248 352 raptor,
1271 293 1421 339 habes.

270 351 428 402 Turba
449 355 649 402 docenda
669 356 810 410 venit‚'
830 355 1028 416 pulchrae
1050 363 1291 418 turpesque
1312 357 1488 418 puellae,

317 417 561 481 Ruraque
584 427 691 467 sunt
711 435 886 482 semper
908 420 1129 467 deteriora
1149 422 1293 467 bonis.

269 483 509 532 Formosae
528 482 678 531 mimis
693 486 800 532 artis
822 500 953 546 opem
975 493 1286 546 praeeeptaque
1307 491 1492 532 curant:
1582 524 1586 528 .

336 549 427 596 Est
448 550 535 596 illis
558 565 640 596 sua
660 550 755 605 dos,
776 548 923 595 forma
945 550 1041 594 sine
1062 556 1158 594 arte
1179 556 1353 609 potens.

271 611 395 664 Cum
418 629 541 661 mare
562 616 859 675 compositum
884 623 966 666 est,
989 628 1173 659 securus
1195 615 1348 662 navita
1368 620 1529 668 cessat,

338 676 458 727 Cum
480 685 637 733 tumet,
660 679 836 724 auxiliis
858 676 1029 723 adsidet
1050 677 1125 722 ille
1147 679 1254 724 suis.
1495 683 1596 726 260

191 798 194 803 q
270 743 399 791 Rara
420 750 571 790 tamen
592 743 758 790 mendo
777 742 913 788 facies
937 747 1071 786 caret.
1118 741 1293 789 Occule
1313 744 1522 790 mendas:

255 838 262 844 ·
335 806 579 869 Quamque
598 816 739 870 potes,
759 806 918 853 vitium
942 806 1141 867 corporis
1161 807 1272 853 abde
1292 809 1372 853 tui.

272 873 325 922 Si
345 874 495 920 brevis
515 888 578 928 es,
602 873 757 919 sedeas
769 888 784 928 3
809 885 866 932 ne
888 877 1013 916 stans
1034 870 1213 917 videare
1235 872 1414 919 sedere:

337 936 483 998 Inque
504 945 584 984 tuo
596 939 749 1001 Jaceas
768 934 1173 995 quantulacumque
1194 942 1306 983 toro.

270 1002 369 1050 Hic
389 1008 581 1064 quoque,
603 1017 662 1048 ne
680 1001 821 1063 possit
838 996 934 1044 fieri
956 1013 1166 1046 mensura
1186 1001 1402 1055 cubantis,

336 1066 513 1130 Injectz‘i
531 1068 701 1114 lateant
717 1066 790 1112 fac
811 1063 889 1109 tibi
912 1070 1039 1110 veste
1059 1065 1209 1127 pedes.
1362 1068 1367 1073 ‘

268 1132 394 1188 Quae
415 1129 601 1179 nimidm
623 1129 813 1194 gracili&
834 1127 968 1189 pleno
988 1130 1211 1177 velamina
1225 1129 1307 1177 'filo

338 1197 518 1245 Sumat:
547 1208 592 1244 et
613 1212 671 1243 ex
688 1194 885 1239 humeris
905 1193 1036 1240 laxus
1057 1194 1248 1242 amictus
1269 1203 1357 1242 ean

272 1261 448 1310 Pallida
466 1259 695 1325 purpureis
718 1265 876 1320 tangat
898 1273 980 1305 sua
1002 1275 1190 1321 corpora
1208 1259 1372 1322 virgis:

334 1326 525 1390 Nigrior
545 1329 599 1374 ad
620 1322 774 1370 Pharii
796 1322 993 1387 confuge
1011 1325 1146 1388 piscis
1168 1340 1316 1388 opem.
1497 1327 1596 1372 270

272 1391 364 1440 Pes
384 1393 529 1441 malus
548 1393 592 1439 in
614 1388 746 1435 nivez'i
769 1405 945 1452 semper
961 1390 1132 1437 celetur
1153 1386 1295 1438 alutd:

261 1493 265 1497 .
337 1457 480 1506 Arida
501 1464 581 1505 'nec
603 1454 764 1501 vinclis
784 1470 915 1501 crura
937 1456 1112 1516 resolve
1133 1457 1240 1503 suis.

272 1519 561 1577 Conveniunt
574 1526 734 1566 tenues
756 1520 949 1582 scapulis
971 1520 1265 1568 analectrides
1288 1521 1411 1571 altis:

334 1586 546 1635 Inflatum
568 1586 686 1630 circa
705 1583 845 1630 fascia
864 1591 1022 1646 pectus
1045 1592 1131 1632 eati

266 1651 362 1702 Exi
476 1649 627 1709 signet
645 1655 779 1710 gestu
799 1649 1115 1710 quodcumque
1135 1649 1343 1710 loquetur
1350 1666 1368 1707 3

380 1715 423 1763 ui
444 1713 574 1775 digiti
593 1712 800 1774 pingues,
822 1720 868 1757 et
891 1714 1044 1759 scaber
1064 1715 1230 1775 unguis
1251 1719 1401 1759 erunt.

271 1779 360 1832 Cui
379 1778 533 1841 gravis
553 1777 643 1839 oris
665 1775 788 1831 odor,
813 1791 1056 1837 numquam
1068 1779 1227 1840 jeJuna
1244 1778 1475 1839 loquatur3

332 1844 398 1893 Et
419 1858 596 1904 semper
616 1843 758 1903 spatio
780 1841 916 1888 distet
935 1842 991 1888 ab
1011 1857 1090 1889 ore
1110 1843 1209 1889 viri.
1454 1862 1460 1867 ·

267 1908 317 1960 Si
339 1909 481 1972 niger,
505 1914 583 1955 aut
603 1907 779 1969 ingens,
801 1914 879 1953 aut
901 1922 994 1953 non
1014 1907 1100 1954 erit
1121 1908 1276 1955 ordine
1295 1913 1430 1954 natus

330 1973 464 2022 Dens
485 1974 584 2020 tibi2
613 1971 797 2019 ridendo
818 1972 1017 2018 maxima
1036 1973 1198 2018 damna
1215 1971 1350 2018 feres.
1498 1973 1598 2017 280

266 2037 588 2095 Quis'credat?
610 2037 789 2084 discunt
810 2037 1113 2084 etiam'ridere
1132 2036 1323 2099 puellaez

330 2104 565 2160 Quaeritur
585 2110 721 2164 atque
740 2102 829 2149 illis
850 2100 934 2149 hfic
956 2117 1133 2164 quoque
1153 2109 1279 2165 parte
1300 2101 1448 2148 decor.

265 2169 369 2219 Sint
384 2170 550 2228 ‚modici
572 2170 724 2223 rictus,
747 2168 838 2215 sint
856 2183 1008 2230 parvae
1024 2168 1248 2228 utrimque
1267 2166 1475 2223 labunae3

329 2233 397 2282 Et
417 2250 619 2281 summos
640 2234 799 2281 dentes
818 2235 911 2280 ima
923 2233 1083 2280 labella
1101 2238 1275 2294 tegant.

265 2299 369 2348 Nec
389 2314 472 2346 sua
489 2307 705 2361 perpetuo
726 2299 1002 2346 contendant
1022 2298 1098 2344 ilia
1117 2298 1231 2343 risu:
1247 2301 1249 2303 ’

332 2364 424 2412 Sed
442 2365 545 2411 leve
566 2364 718 2409 nescio
739 2363 846 2423 quid
865 2363 1199 2424 femineumque
1222 2366 1398 2411 sonent.

266 2429 369 2484 Est,
392 2444 494 2491 quae
513 2443 725 2490 perverso
747 2428 1025 2488 distorqueat
1046 2442 1126 2475 ora
1146 2427 1391 2473 cachinno:

332 2491 451 2544 Culm
475 2493 568 2539 risu
587 2493 695 2541 laeta
716 2499 786 2539 est
806 2491 958 2545 altera,
981 2491 1091 2540 flere
1110 2498 1255 2555 putes:
1300 2500 1307 2509 ·

266 2558 353 2611 ma
374 2566 504 2607 sonat
525 2564 724 2612 raucum,
748 2557 1047 2618 quiddamque
1066 2556 1303 2604 inamabile
1325 2554 1508 2611 stridet3

328 2623 399 2672 Ut
417 2623 539 2672 rudit
558 2623 615 2670 ad
634 2622 836 2687 scabram
857 2623 1001 2688 turpis
1020 2623 1159 2673 asella
1177 2621 1361 2673 molam.
1486 2621 1596 2669 ,290
