1867 2942
520 161 541 208 ,¹
574 141 917 193 ιΑΜΟΒΠΜ·
938 142 1047 192 Lu·
1067 144 1109 194 Ι.
1132 149 1178 195 7.
1452 153 1542 197 121

220 272 420 334 Jamque
438 273 677 335 pruinosus
692 274 876 322 molitur
897 273 1085 322 Lucifer
1104 290 1214 325 axes
1225 293 1246 334 ;

289 336 438 399 Inque
456 353 588 385 suum
608 338 799 387 miseros
821 340 992 401 excitat
1012 341 1105 388 ales
1128 358 1256 404 opus.

223 402 297 451 At
311 410 377 459 tu,
400 419 494 450 non
514 403 631 450 laetis
652 403 849 451 detracta
868 420 1037 452 corona
1055 407 1239 468 capillis,

292 467 425 515 Dura
446 482 578 530 super
598 466 695 515 toul
713 469 869 516 limina
889 477 1022 516 nocte
1032 472 1150 533 jace.

222 531 299 580 Tu
320 533 529 587 dominae,
551 530 655 579 cum
676 540 722 588 te
742 535 986 596 projectam
1007 532 1143 582 mane
1163 536 1341 592 videbit,

238 614 261 631 ¹·
284 596 530 659 Temporis
549 599 739 644 absumti
761 606 853 646 tam
875 596 995 646 male
1015 601 1143 647 testis
1164 602 1266 648 eris.
1481 605 1547 650 70

227 662 582 723 Qualiscumque
603 663 715 717 vale,
738 664 945 727 seqtiqw
964 665 1166 712 abeuntis
1186 682 1399 722 amorem,

290 725 451 782 Lente,
476 743 563 777 nee
580 727 775 775 admisso
795 729 940 790 turpis
961 739 1167 777 amante:
1205 732 1321 779 vale.
1408 778 1420 789 ,

225 791 526 853 Vos‚quoque
546 792 748 840 crudeles
768 793 915 855 rigido
935 808 1038 840 cum
1060 796 1216 843 limine
1234 802 1402 860 postes,

290 854 511 918 Duraque
529 872 765 906 conservae
783 858 909 921 ligna
926 858 1074 907 valete
1092 859 1230 908 sores.

672 1053 937 1104 ELEGIA
970 1056 1088 1105 VII.

224 1186 371 1234 Anu:
391 1200 551 1232 manus
571 1186 618 1232 in
637 1185 793 1233 vincla
807 1202 945 1245 meas,
969 1188 1194 1251 (metuere
1212 1188 1414 1250 catenas)

293 1250 423 1298 Dum
443 1249 735 1298 surornmnis
755 1253 858 1306 abit,
883 1253 921 1299 si
943 1254 1045 1314 quis
1066 1254 1236 1301 amicus
1256 1255 1377 1301 ades.

225 1315 350 1364 Nam
372 1315 498 1362 furor
517 1316 564 1362 in
586 1317 811 1363 dominam
834 1319 1072 1365 temeraria
1091 1319 1271 1366 brachia
1290 1320 1447 1367 movit.

293 1380 399 1429 Flet
417 1396 519 1427 mea
538 1378 705 1429 vesana
723 1381 833 1428 laesa
853 1383 1003 1443 puella
1022 1398 1174 1430 manu.

224 1444 360 1495 Tunc
381 1461 468 1508 ego
489 1446 564 1492 vel
583 1461 710 1494 caros
730 1447 856 1508 potui
876 1448 1047 1495 violare
1065 1455 1298 1510 parentes:

291 1511 426 1560 Saeva
446 1512 520 1558 vel
539 1512 587 1557 in
609 1522 790 1558 sanctos
810 1513 998 1560 verbera
1016 1512 1134 1560 ferre
1156 1512 1301 1561 Deos.
1343 1540 1350 1547 =

225 1576 384 1633 Quid?
416 1591 510 1630 uon
530 1584 577 1623 et
597 1576 726 1638 clipei
748 1578 957 1624 dominus
977 1579 1277 1640 septemplicis
1297 1579 1422 1643 Ajax

291 1641 461 1690 Stravit
481 1642 724 1702 deprensos
744 1640 835 1689 lata
853 1658 934 1703 per
956 1657 1064 1689 arva
1082 1644 1283 1706 greges?

221 1705 304 1763 Et,
324 1706 495 1754 vindex
512 1706 563 1751 in
583 1711 726 1755 matre
744 1705 898 1766 pattis,
920 1707 1066 1753 malus
1087 1708 1209 1754 ultor
1229 1708 1430 1764 Orestes,

288 1773 447 1820 Ausus
465 1771 517 1815 in
535 1784 925 1830 arcanasposcere
946 1770 1036 1816 tela
1057 1770 1219 1819 Deas?
1373 1767 1391 1780 ‘
1487 1775 1549 1819 10

222 1835 354 1900 Ergo
377 1851 467 1898 ego
488 1832 690 1895 digestos
708 1834 835 1894 potui
854 1834 1026 1881 laniare
1044 1835 1253 1898 capillosz

287 1901 394 1950 Nec
414 1899 642 1947 dominam
663 1905 803 1947 motae
824 1899 1070 1947 dedecuere
1089 1914 1232 1949 eomae
1246 1901 1270 1946 Ρ

220 1966 299 2016 sic
319 1967 522 2015 formosa
538 1963 654 2021 fuit3
686 1963 823 2011 talem
846 1963 1121 2012 Schoeneida
1140 1966 1295 2014 dicunt

286 2031 531 2080 Maenalias
550 2044 656 2077 arcu
677 2027 942 2091 sollicitasse
962 2028 1094 2087 feras.

217 2095 350 2146 Talis
369 2096 535 2159 peljuri
556 2094 863 2156 promissaque
882 2094 1071 2156 velaque
1092 2093 1259 2143 'rhesei
1337 2123 1344 2127 -

288 2161 442 2210 Flevit
460 2161 714 2223 praecipites
737 2158 906 2209 Cressa
925 2159 1092 2208 tulisse.
1105 2158 1274 2208 Notos.

219 2227 313 2283 sic,
336 2226 424 2274 nisi
445 2226 617 2273 vittatis
636 2221 759 2288 qued
779 2232 888 2281 erat,
914 2223 1183 2280 Cassandra,
1205 2223 1389 2287 capillis,

288 2291 536 2340 Procubuit
555 2290 738 2353 templo,
761 2289 1134 2344 castaMinerva,
1156 2297 1252 2337 tuo.
1365 2318 1370 2329 ι

221 2357 343 2413 Quis
355 2356 465 2404 mihi
482 2371 589 2410 non,
599 2354 821 2410 Demens,
830 2356 932 2416 quis
941 2371 1033 2403 non
1048 2355 1171 2410 mihi,
1182 2354 1395 2410 Barbare,
1406 2352 1550 2400 dixit?

288 2420 396 2486 Ipsa
417 2420 553 2467 nihil:
591 2420 754 2482 pavido
775 2420 934 2482 lingua
955 2427 1131 2468 retenta
1150 2427 1291 2469 metu.
1484 2418 1551 2466 20

219 2488 316 2539 Sed
336 2486 461 2535 taciti
480 2485 631 2533 fecere
650 2492 802 2532 tamen
824 2486 1032 2532 convicia
1050 2485 1218 2533 vultus.

252 2582 282 2613 .·
367 2551 404 2598 ‘t
422 2566 498 2599 me
516 2550 726 2605 lacrimis,
747 2549 1021 2605 oresilente,
1045 2565 1187 2598 reum.
1253 2596 1261 2605 ,

216 2618 302 2667 An
358 2632 500 2667 meos
518 2615 720 2669 humeris
739 2614 906 2662 vellem
927 2616 1145 2665 cecidisse
1162 2616 1382 2665 lacertos:

288 2676 461 2731 Utilius
480 2681 608 2746 potui
627 2686 755 2746 parte
775 2696 928 2731 carere
948 2681 1074 2747 meij.

211 2762 321 2797 vot.
342 2762 379 2795 ι.
1119 2762 1162 2795 κ
