1867 2942
518 162 723 213 ARTIS
754 151 1143 214 AMATORIAE
1175 162 1284 212 Lu.
1306 160 1352 213 1.
1504 170 1601 217 187

272 293 386 342 Non
409 297 510 358 egb,
536 293 719 353 Phoebe,
738 297 864 345 datas
884 295 912 343 ὲ
931 304 980 343 te
1000 298 1109 343 mihi
1130 297 1325 343 mentior
1345 298 1482 345 tir-tes:
1511 311 1517 322 ⁶

340 359 443 407 Nec
464 375 548 407 nos
568 361 701 408 a’eriae
723 378 836 409 voce
855 377 1094 409 monemur
1115 363 1237 409 avis:
1386 365 1393 374 ‘

271 424 377 473 Nec
398 425 512 471 mihi
531 433 637 472 sunt
658 428 767 475 visae
790 426 895 474 Clio
918 426 1137 489 Cliusque
1156 425 1346 483 sorores,

338 490 548 538 Ser'vanti
565 492 758 553 pecudes
777 492 980 546 vallibus,
1005 492 1161 546 Ascra,
1182 492 1286 539 tuis.

273 553 402 603 Usus
423 570 537 616 opus
558 563 713 603 movet
732 558 831 603 hoc.
898 556 1009 603 Vati
1028 557 1181 619 parete
1200 556 1360 617 perito.

335 618 462 667 Vera
483 633 653 671 canam.
720 620 910 683 Coeptis,
932 629 1077 669 mater
1097 622 1295 676 Amoris,
1318 620 1439 668 ades·
1533 624 1602 668 30

269 682 390 732 Este
409 686 566 747 procul
586 686 715 732 vittae
736 693 908 741 tenues,
931 687 1112 748 insigne
1133 686 1337 748 pudoris;

338 749 546 810 Quaeque
564 752 684 812 tegis
699 751 885 806 medios,
906 752 1063 798 instita
1082 750 1234 812 longa,
1255 750 1405 812 pedes.

272 812 379 861 Nos
396 813 624 862 Venerem
646 822 803 871 tutam,
820 830 1122 878 concessaque
1140 814 1274 870 furta,
1295 817 1528 862 canemus:

334 876 483 939 Inque
503 894 606 926 meo
628 880 802 927 nullum
823 881 1022 927 carmine
1041 882 1211 927 crimen
1233 881 1332 926 erit.

268 941 513 1006 Principio,
535 946 655 1006 quod
677 960 827 993 amare
846 945 973 999 velis,
997 945 1188 1006 reperire
1208 944 1370 999 labora,

336 1007 429 1062 Qui
451 1023 571 1057 nova
590 1023 712 1057 nunc
731 1006 925 1072 primum
948 1010 1078 1058 miles
1097 1010 1145 1055 in
1167 1023 1292 1056 arma
1311 1010 1454 1056 venis·

270 1071 516 1121 Proximus
536 1075 642 1122 huic
660 1076 785 1123 labor
805 1083 889 1131 est,
901 1076 1120 1138 ‘placitam
1133 1088 1319 1122 exorare
1338 1073 1545 1137 puellam.

332 1136 529 1195 Tertius,
554 1147 605 1187 ut
623 1141 765 1203 longo
785 1147 992 1203 tempore
1012 1140 1142 1187 duret
1162 1154 1302 1186 amor.

267 1201 366 1250 Hic
386 1204 547 1252 modus
554 1221 571 1262 ς
593 1207 693 1253 haec
711 1212 869 1252 nostro
891 1205 1140 1267 signabitur
1160 1218 1263 1252 area
1282 1218 1437 1251 curru:

333 1267 454 1316 Haec
469 1270 555 1316 erit
575 1269 769 1318 admissa
787 1277 912 1317 meta
929 1269 1116 1319 terenda
1131 1266 1242 1316 rota.
1532 1270 1600 1313 40

265 1331 399 1381 Du'r‘n
414 1334 532 1391 licet,
556 1339 603 1382 'et
621 1336 731 1383 loris
749 1336 918 1397 passim
939 1342 1071 1397 potes
1090 1335 1156 1380 ire
1177 1333 1335 1380 solutis
1342 1350 1358 1391 ;

332 1397 483 1462 Elige,
505 1401 576 1446 cui
600 1401 735 1456 dicas,
757 1398 835 1448 Tu
856 1400 966 1446 mihi
989 1399 1085 1447 sola
1097 1398 1268 1461 places.

266 1461 390 1510 Haec
409 1465 488 1511 tibi
508 1479 601 1513 non
622 1473 784 1512 tenues
802 1465 958 1512 veniet
977 1464 1157 1526 delapsa
1175 1478 1257 1525 per
1276 1477 1421 1511 auras.

332 1527 590 1584 Quaerenda
608 1536 681 1577 est
702 1530 843 1577 oculis
863 1535 968 1592 n'pta
986 1530 1135 1593 puella
1155 1530 1259 1576 tuis.

264 1594 364 1642 Scit
381 1595 499 1643 bene
520 1597 723 1649 venator,
745 1595 891 1642 eet-vis
912 1595 987 1641 ubi
1009 1595 1125 1641 retia‘
1140 1594 1315 1647 tendat,

331 1658 429 1705 Scit
447 1661 576 1713 bene,
598 1657 688 1718 qua
704 1658 918 1706 frendens
938 1659 1059 1705 valle
1078 1666 1280 1705 moretur
1300 1671 1423 1720 aper.

261 1723 531 1785 Aucupibus
552 1723 649 1768 noti
669 1721 868 1770 frutices.
933 1721 1028 1776 Qui
1052 1723 1246 1769 sustinet
1265 1723 1438 1778 hamos,

331 1786 480 1834 No'vit
499 1788 605 1849 q'uae
625 1785 769 1833 multo
790 1786 912 1848 pisce
933 1793 1145 1834 natentur
1165 1800 1308 1847 squae.

261 1851 340 1900 Tu
363 1857 556 1913 quoque,⁸
578 1850 811 1898 materiam
832 1852 973 1914 longo
995 1852 1071 1914 qui
1093 1852 1258 1912 quaeris
1279 1850 1434 1908 amori,

330 1913 460 1964 Ante
478 1915 691 1978 frequens
711 1930 802 1977 quo
825 1916 884 1963 sit
904 1917 1028 1964 disce
1046 1915 1322 1978 puellsloco.
1532 1915 1597 1962 50

263 1980 380 2030 Non
403 1997 491 2045 ego
513 1987 792 2043 quaerentem
807 1988 948 2029 vento
969 1982 1075 2030 dare
1093 1980 1196 2028 vela
1206 1980 1397 2043 jubebo:
1428 2031 1437 2038 ‚

329 2046 433 2094 Nec
453 2048 546 2103 tibi,
569 2053 622 2094 ut
641 2047 858 2103 invenias,
880 2048 1022 2110 longa
1042 2046 1226 2094 terenda
1244 2045 1322 2092 via
1341 2050 1425 2093 est.

260 2110 587 2160 Andromedan
608 2110 806 2161 Perseus
826 2111 970 2177 nigris
989 2109 1178 2175 portarit
1197 2112 1253 2157 ab
1275 2108 1417 2164 Indis,

327 2176 565 2241 Raptaque
585 2177 646 2226 sit
665 2176 873 2241 Phrygio
894 2178 1041 2241 Grsja
1057 2175 1207 2240 puella
1224 2177 1338 2222 viro.

261 2241 360 2290 Tot
379 2242 459 2290 tibi
480 2252 665 2306 tamque
686 2243 806 2292 dabit
828 2242 1052 2291 formosas
1073 2241 1225 2289 Roma
1244 2239 1439 2301 puellas:

330 2305 453 2354 Haec
473 2308 619 2363 habet,
642 2315 693 2355 ut
709 2308 842 2364 dicas,
865 2308 1080 2370 quidquid
1099 2308 1148 2353 in
1169 2306 1277 2352 orbe
1291 2303 1392 2352 suit.

264 2372 473 2433 Gargara
482 2379 595 2434 quot
609 2379 800 2435 segetes,
809 2383 922 2433 quot
935 2374 1071 2420 habet
1082 2370 1356 2431 Methymna
1365 2381 1568 2416 racemos
1575 2384 1592 2426 ;

327 2436 663 2499 AEquore'quot
682 2437 839 2499 pisces,
861 2437 1022 2485 fronde
1043 2443 1259 2497 teguntur
1279 2449 1408 2491 aves;

261 2499 419 2566 [Quot
439 2501 605 2548 coelum
628 2501 793 2557 stellas,
815 2508 885 2548 tot
906 2503 1038 2549 habet
1060 2507 1138 2548 tua
1153 2499 1305 2547 Roma
1323 2499 1521 2562 puellnst

330 2566 485 2613 Mater
506 2573 553 2613 et
575 2566 740 2614 AEneae
762 2574 940 2615 constat
959 2567 1008 2613 in
1029 2567 1138 2613 urbe
1160 2564 1269 2630 συὶ]
1529 2567 1596 2610 60

261 2632 355 2680 Seu
378 2632 549 2694 caperis
568 2633 725 2695 primis
745 2639 792 2680 et
820 2632 966 2680 adhuc
987 2631 1288 2679 crescentibus
1310 2629 1460 2686 annis3

233 2719 240 2724 ·
328 2697 454 2745 Ante
475 2698 633 2748 oeulos
652 2698 805 2751 veniet
826 2701 934 2749 vers
953 2698 1102 2763 puella
1121 2703 1247 2745 tuos:
