1867 2942
479 179 684 232 ARTIS
715 179 1107 231 AMATORIAE
1140 181 1243 229 Lm.
1266 181 1336 229 11.
1465 184 1561 228 223

172 353 178 361 .
243 309 355 359 Hoc
374 312 513 359 vetui.
563 310 664 360 Vos
684 327 791 359 ecce
811 319 938 360 vetat
952 313 1171 378 deprensa
1190 312 1349 360 Dione

301 374 500 423 Insidias
519 376 631 433 illas,
653 393 765 439 quas
786 378 920 424 tulit
908 393 1016 440 ipsa,
1038 379 1145 442 pati.

240 440 347 489 Nec
368 457 451 489 vos
473 442 598 489 rivali
692 457 802 489 ueos
823 443 1070 504 disponite:
1110 458 1196 490 nec
1217 458 1302 490 vos

306 505 518 583 Excipite
538 521 670 554 arcan
719 507 854 554 verba
875 515 1035 555 notata
1049 523 1221 555 manu.

243 568 341 618 Ista
360 572 444 618 viri
461 578 645 633 captent
663 573 757 635 (si
736 587 834 635 Jam
857 573 1074 634 captanda
1093 569 1332 635 putabunt)

301 636 439 691 Quos
458 636 628 686 faciunt
639 637 791 699 justos
811 636 931 698 ignis
952 645 1000 683 et
1020 638 1140 684 unda
1159 637 1296 684 viros.

240 699 318 748 En
339 701 501 747 iterum
522 709 685 749 testor.
727 702 838 747 nihil
859 702 945 756 hic,
971 702 1056 749 nisi
1077 702 1180 764 lege
1200 702 1449 757 remissum,

305 763 529 813 Luditur·
566 767 613 813 in
635 767 801 814 nostris
821 767 976 813 instita
996 766 1151 813 nulla
1130 767 1264 830 Jocis.
1416 821 1427 830 ,
1463 767 1560 813 600

241 828 359 885 Quis
383 827 562 879 Cereris
583 832 694 878 ritus
715 832 832 878 ausit
852 832 1040 893 vulgare
1058 831 1268 894 profanis,

304 894 569 957 Magnaque
583 893 797 943 Threicia
814 911 942 943 sacra
962 903 1137 958 reperta
1159 894 1333 943 Samo?

398 974 426 1006 a
446 967 517 1007 est
538 961 692 1016 virtus,
716 967 929 1023 praestare
952 961 1128 1009 silentia
1149 962 1304 1007 rebus·

303 1026 372 1072 At
391 1022 548 1072 contra
554 1026 720 1105 gravis
740 1032 811 1073 est
830 1025 973 1088 culpa,
996 1026 1183 1073 tacenda
1202 1025 1340 1085 loqui.

240 1088 284 1138 Ο
304 1090 450 1147 bene;
477 1087 614 1151 qudd,
635 1088 803 1137 frustra
822 1091 1009 1152 captatis
1029 1092 1186 1138 arbore
1204 1091 1364 1152 pomis,
1422 1111 1427 1116 ’

305 1125 559 1203 Gam'ilus
547 1171 594 1202 m
617 1153 763 1202 media
782 1154 1003 1204 Tantalus
1024 1164 1121 1203 aret
1141 1153 1281 1216 aqua!

240 1217 478 1282 Praecipue
495 1219 722 1281 Cytherea
731 1221 861 1283 jubet
884 1236 966 1268 sua
986 1235 1112 1268 sacra
1132 1221 1284 1276 taceri.

306 1285 558 1341 Admoneo,
583 1287 733 1333 veniat
754 1301 812 1333 ne
833 1287 934 1347 quis
956 1286 1014 1332 ad
1033 1285 1109 1332 illa
1128 1285 1309 1346 loquax.

242 1347 438 1399 Condita
458 1351 496 1397 si
518 1365 610 1398 non
634 1358 739 1398 sunt
762 1350 956 1397 Veneris
976 1351 1192 1412 mysteria
1211 1349 1335 1397 cistis
1347 1366 1364 1408 ;

305 1414 408 1462 Nec
430 1431 541 1463 cava
559 1416 737 1463 vesanis
757 1416 919 1465 ictibus
941 1431 1030 1463 aera
1054 1421 1245 1463 sonant:
1461 1416 1560 1462 610

239 1479 457 1527 Attamen
479 1481 595 1530 inter
618 1497 703 1529 nos
723 1481 872 1529 medio
892 1488 1133 1528 versantur
1148 1482 1196 1527 in
1218 1495 1329 1528 usu.

306 1544 397 1592 Sed
418 1546 495 1601 sic,
517 1546 636 1593 inter
651 1562 735 1593 nos
757 1555 807 1593 ut
827 1547 1013 1595 latuisse
1034 1546 1189 1593 velint.

238 1607 349 1672 Ipsa
365 1609 524 1656 Venus
544 1612 722 1672 pubem,
745 1612 922 1671 quoties
944 1611 1167 1658 velamina
1185 1611 1326 1672 ponit,

304 1666 567 1735 Protegitur
585 1674 704 1721 laevd
725 1675 1020 1722 semireducta
1039 1690 1189 1721 manu.
1528 1710 1541 1724 -.

239 1737 294 1785 In
319 1737 468 1784 medio
487 1738 741 1799 passimque
762 1740 856 1786 coit
875 1754 1027 1800 pecus,
1049 1740 1136 1785 hoc
1157 1753 1334 1799 quoque
1353 1737 1466 1793 viso,

213 1843 218 1850 .
303 1802 487 1850 Avertit
507 1802 661 1849 vultus
682 1817 802 1865 saepe
821 1803 972 1864 puella
991 1818 1112 1850 suos.

241 1866 535 1919 Conveniunt
555 1867 736 1914 thalami
757 1867 889 1914 furtis
910 1874 957 1915 et
969 1870 1111 1930 Janua
1132 1867 1327 1915 nostris:

305 1932 509 1994 Parsque
529 1933 612 1980 sub
631 1930 796 1995 injecta
815 1939 944 1980 veste
963 1932 1170 1995 pudenda
1188 1932 1311 1980 latet.

239 1997 308 2047 Et
330 1999 368 2045 si
391 2013 482 2045 non
505 1998 723 2052 tenebras,
746 2005 792 2044 at
812 1997 1022 2059 quiddam
1044 1996 1174 2044 nubis
1194 2011 1348 2059 opacae

308 2063 592 2121 Quaerimus3
626 2070 759 2125 atque
775 2062 942 2123 aliquid
960 2063 1062 2109 luce
1074 2069 1256 2125 patente
1271 2063 1435 2108 minus.
1465 2065 1565 2109 620

239 2128 374 2176 Tunc
381 2144 569 2191 quoque,
588 2125 692 2175 cum
699 2128 841 2175 solem
850 2127 1048 2175 nondum
1054 2127 1316 2190 prohibebat
1322 2133 1370 2173 et
1375 2126 1562 2174 imbrem

304 2192 497 2257 Tegula,
520 2194 600 2243 sed
620 2209 812 2255 quercus
833 2199 955 2241 tecta
975 2193 1212 2253 cibumque
1232 2192 1384 2248 dabat3

240 2258 299 2306 In
314 2273 498 2306 nemore
508 2266 645 2320 atque
656 2260 809 2313 antris,
826 2274 917 2306 non
934 2259 1016 2305 sub
1032 2256 1165 2312 Jove,
1172 2258 1335 2319 Juncta
1344 2256 1567 2318 voluptas.

306 2321 456 2371 Tanta
478 2324 576 2370 rudi
595 2324 762 2400 populo
784 2339 892 2371 cura
910 2322 1093 2386 pudoris
1115 2329 1224 2368 erat.

240 2388 310 2437 At
330 2402 452 2435 nunc
473 2389 705 2435 nocturnis
725 2389 913 2435 titulos
901 2387 1175 2464 imponimus
1195 2385 1332 2433 actis·

308 2454 463 2514 Atque
484 2453 648 2499 emitur
666 2467 835 2514 magno
859 2452 934 2508 nil,
958 2452 1045 2502 nisi
1066 2466 1200 2515 posse
1212 2452 1352 2511 loqui.
1452 2472 1457 2478 ·

224 2518 427 2566 Scilicet
447 2517 648 2564 excuties
670 2531 827 2564 omnes
842 2517 1110 2579 ubicumque
1129 2516 1331 2578 puellas,

310 2581 508 2632 Cuilibet
528 2589 579 2630 ut
600 2582 735 2637 dicas,
760 2580 883 2630 Haec
904 2598 1083 2644 quoque
1103 2588 1260 2638 nostra
1278 2580 1393 2628 fuitz
1446 2639 1451 2643 .

243 2646 322 2695 Ne
342 2648 505 2703 desint,
526 2662 636 2709 quas
657 2655 707 2695 tu
730 2648 883 2710 digitis
903 2647 1140 2695 ostendere
1159 2646 1334 2710 possis;

311 2711 383 2762 Ut
403 2729 626 2776 quamque
644 2713 863 2777 attigeris,
884 2712 1035 2766 fabula
1053 2712 1196 2777 turpis
1216 2712 1316 2761 erit.
1465 2711 1568 2757 630
