1867 2942
465 118 841 178 HEROIDESL
901 118 1066 180 Erxs'r.
1082 129 1282 183 XVIII.
1477 141 1542 189 85

201 251 520 307 Adscensurus
540 275 661 307 eram
681 278 693 307 ι
732 261 819 308 nisi
839 258 973 323 quod,
998 260 1102 315 cuim
1122 263 1308 315 vincula
1326 281 1477 332 prorae

268 323 487 379 Solveret,
509 325 556 371 in
580 326 771 387 speculis
792 329 941 374 omnis
963 328 1152 391 Abydos
1173 338 1285 380 erat.

196 387 314 436 Non
333 396 534 452 poteram
557 391 701 442 celare
721 407 860 448 meos,
882 393 1008 441 velut
1029 392 1149 451 ante,
1170 404 1407 457 parentes:

266 453 507 521 Quemque
527 457 621 517 tegi
642 457 863 513 volumus,
888 474 980 504 non
1000 460 1213 516 latuisset,
1237 476 1379 511 amor.

199 517 420 568 Protinus
441 521 539 566 haec
562 521 771 576 scribens,
796 522 941 577 Felix,
965 524 993 577 i,
1015 524 1157 581 litera,
1181 526 1305 575 dixi:

263 582 372 633 Jam
393 583 472 630 tibi
493 583 736 632 formosam
757 587 958 650 porriget
979 588 1053 636 illa
1072 605 1273 638 manum.

142 696 149 705 ,
198 645 413 697 Forsitan
434 649 624 697 admotis
646 651 849 700 dominae.
862 652 1052 715 tangere
1072 655 1241 703 labellis
1258 673 1277 715 ;

264 713 498 776 Rumpere
520 716 625 761 dum
650 717 782 764 niveo
802 719 986 765 vincula
1006 719 1139 767 dente
1161 723 1300 771 volet.

196 777 384 827 Talibus
405 776 573 842 exiguo
594 780 723 828 dictis
742 783 853 828 mihi
874 798 1103 833 murmure
1124 787 1284 842 verbis,

264 841 433 893 Cetera
453 860 556 891 cum
579 844 735 893 charta
755 847 913 895 dextra
931 849 1084 899 locuta
1102 866 1204 898 mea
1224 858 1308 900 est.
1398 848 1406 856 '
1476 858 1543 903 20

198 907 271 957 At
290 906 463 970 quanto
482 910 675 965 mallem,
700 908 835 972 quam
858 913 1084 969 scriberet,
1105 915 1183 961 illa
1204 924 1390 974 nataret,

265 973 442 1036 Meque
460 989 541 1041 per
562 975 769 1022 adsuetas
792 977 945 1024 sedula
965 978 1102 1026 ferret
1123 980 1291 1041 aquas!

196 1039 365 1104 Aptior
382 1040 460 1087 illa
479 1040 659 1102 quidem
679 1041 854 1102 placido
875 1043 981 1089 dare
999 1045 1185 1092 verbera
1203 1053 1344 1108 ponto
1361 1066 1374 1095 ι

142 1129 153 1138 ·
265 1104 359 1153 Est
378 1112 528 1153 tamen
550 1112 597 1152 et
618 1106 777 1153 senssss
798 1114 903 1170 apta
922 1109 1126 1156 ministra
1146 1112 1249 1160 mei.

200 1170 406 1234 Septima
425 1184 519 1218 nox
541 1171 703 1233 agitur,
727 1174 919 1234 spatium
942 1174 1050 1220 mihi
1072 1175 1255 1238 longius
1276 1193 1410 1234 anno,

269 1234 521 1285 Sollicitum
543 1237 688 1284 raucis
707 1245 759 1285 ut
778 1253 903 1285 mare
922 1239 1069 1286 fervet
1090 1241 1229 1302 aquis.

200 1298 299 1348 His
321 1316 411 1365 ego
433 1301 470 1348 ai
493 1301 583 1348 vidi
605 1302 878 1351 mulcentem
899 1313 1083 1365 pectora
1104 1321 1316 1355 somnum

266 1365 524 1423 Noctibu83
559 1367 703 1414 insani
725 1369 783 1416 sit
804 1384 931 1416 mora
949 1370 1086 1431 longa
1107 1369 1224 1419 freti.

199 1431 252 1480 R
362 1431 522 1479 sedens
540 1431 702 1494 aliqui,
726 1441 880 1496 specto
901 1441 982 1481 tua
999 1435 1132 1483 litora
1151 1437 1321 1487 tristis:

315 1504 337 1545 t
357 1493 448 1562 qud
468 1513 560 1545 non
582 1514 764 1561 possum
787 1516 842 1547 co
926 1516 987 1555 re,
1008 1509 1162 1548 mente
1180 1501 1315 1552 feror.
1474 1507 1542 1552 50

201 1560 407 1611 Lumina
427 1564 535 1623 quin
557 1563 691 1611 etiam
715 1580 859 1612 summ
909 1566 1144 1627 vigilantia
1163 1574 1298 1626 turre,

269 1626 371 1675 Aut
388 1627 523 1684 videt,
547 1636 624 1676 aut
645 1630 762 1676 acies
783 1638 941 1678 nostra
960 1631 1112 1679 videre
1130 1640 1272 1694 putat.
1367 1669 1384 1686 .

202 1690 301 1741 Tei·
321 1693 433 1739 mihi
453 1693 657 1757 deposita
677 1703 747 1741 est
767 1696 814 1742 in
837 1694 957 1742 sicca
976 1699 1114 1743 vestis
1135 1696 1285 1746 arend-

270 1756 367 1816 Ter
384 1773 526 1821 grave
547 1760 718 1805 tentavi
741 1775 922 1821 carpere
942 1761 1089 1807 nudus
1108 1762 1208 1808 iter.

203 1822 398 1873 obstitit
415 1823 607 1886 inceptis
628 1823 847 1870 tumidum
860 1825 1136 1886 juvenilibus
1157 1841 1343 1888 aequor:

270 1881 442 1936 Mersit
460 1895 509 1936 et
528 1888 727 1935 adversis
747 1903 827 1936 ora
845 1891 1041 1936 natantis
1061 1892 1202 1951 aquis.

202 1954 276 2003 At
295 1960 348 2001 tu
369 1953 427 2001 de
445 1953 623 2016 rapidis,
647 1954 1080 2009 immansuetissixne
1103 1955 1266 2010 ventis,

271 2018 399 2074 Quid
419 2033 597 2066 mecum
620 2016 742 2066 certa
760 2020 919 2081 proelia
940 2027 1092 2067 mente
1112 2021 1234 2083 geris
1247 2019 1273 2066 ’ἓ

202 2083 265 2133 In
285 2098 376 2139 me,
398 2083 437 2131 ai
458 2084 617 2141 nescis,
641 2082 803 2139 Borea,
826 2101 917 2131 non
942 2100 1134 2146 aequora,
1159 2085 1309 2134 saevis.
1361 2134 1370 2147 ,

272 2148 401 2205 Quid
419 2147 603 2206 faceres,
624 2158 747 2198 esset
766 2150 813 2197 ni
835 2151 913 2197 tibi
935 2158 1072 2198 notus
1093 2165 1220 2198 amor
1232 2150 1257 2198 ‘x’
1480 2155 1546 2200 40

199 2213 324 2264 Tam
339 2213 517 2277 gelidus
531 2212 633 2263 cum
651 2217 725 2273 sis,
737 2232 828 2263 non
843 2224 890 2263 te
906 2223 1072 2272 tamen,
1088 2217 1304 2282 improbe,
1321 2215 1544 2278 quondam

269 2278 464 2344 Ignibus
485 2280 658 2328 Actaeis
679 2283 917 2329 incaluisse
938 2297 1094 2345 negas.

201 2346 387 2397 Gaudia
405 2359 456 2392 ra
536 2362 586 2393 ro
608 2348 646 2393 εἰ
668 2348 769 2410 quis
790 2348 870 2394 tibi
892 2347 1100 2395 claudere
1118 2346 1257 2395 vellet

270 2409 419 2478 Ae’rio'
458 2410 606 2459 aditus
623 2428 638 2469 3
673 2427 765 2472 quo
785 2420 987 2475 paterere
1007 2412 1144 2458 modo
1158 2412 1182 2457 ’ἒ

201 2474 363 2532 Parce,
385 2490 575 2540 precor3
608 2476 874 2539 facilemque
894 2493 1030 2525 move
1050 2472 1324 2526 moderatius
1344 2490 1510 2525 auram.

270 2539 471 2604 Imperet
492 2540 777 2607 Hippotades
793 2544 857 2589 sic
878 2543 958 2589 tibi
981 2543 1114 2605 triste*
1130 2543 1254 2589 nihil.

199 2605 337 2654 Vana
358 2613 476 2670 peto,
497 2607 791 2670 precibusque
810 2608 924 2654 meis
945 2608 1251 2656 obmurmurat
1270 2607 1392 2675 ipse.

270 2670 488 2734 Quasque
507 2673 662 2735 quatit,
686 2671 812 2721 nulli
830 2679 958 2736 parte
978 2673 1155 2721 coercet
1177 2688 1329 2736 aquas.

195 2751 306 2785 vor..
329 2749 363 2784 1.
1136 2752 1156 2785 1
