1867 2942
577 127 918 215 REMEDIA
948 127 1237 182 monle.
1480 135 1578 183 εδδ

232 257 377 318 Quod
398 261 438 309 si
457 262 559 323 quis
578 260 784 328 vestrum
803 260 977 311 factum
997 262 1086 317 boc
1106 263 1299 320 incusat,
1321 262 1522 322 Achivi)

301 324 392 375 Est
410 328 580 388 aliquid
591 325 748 385 ‚valida
769 334 949 391 sceptra
971 334 1127 376 tenere
1147 343 1303 377 manu.
1473 333 1577 377 480

229 390 374 449 Nam,
399 393 438 439 si
460 393 568 442 Rex
588 409 679 456 ego
700 408 815 449 sum,
839 408 924 441 nee
945 409 1126 443 mecum
1147 394 1345 444 dormiet
1362 394 1455 453 ina,

301 456 361 505 In
382 473 485 506 mea
505 457 741 506 Thersites
763 474 917 521 regna,
940 459 1104 516 licebffit,
1127 466 1215 507 eat.

227 522 401 581 Dixin
424 531 470 571 et
489 525 607 572 hanc
626 525 781 573 habuit
800 524 963 572 solatia
980 540 1152 587 magna
1202 527 1360 574 riorie:

298 588 367 636 Et
385 590 509 652 prior
530 596 601 637 est
622 588 731 637 cura
747 605 862 637 cura
881 590 1057 652 sepulta
1078 604 1170 637 nov

225 653 366 717 Ergo
385 655 573 702 adsume
584 668 741 711 novas,
756 662 942 702 auctore
957 655 1321 721 Agamemnone,
1334 655 1572 715 flammam

298 718 370 767 Ut
389 727 496 768 tuus
517 721 564 767 in
584 721 706 767 bivio
728 721 995 768 distineatur
1011 736 1169 779 amot3

228 784 430 842 Quaeris,
454 787 530 833 ubi
550 786 787 832 invenias?
832 786 987 843 Artes,
1009 786 1039 842 i,
1060 786 1246 850 perlege
1266 792 1460 839 nostras·

296 850 443 898 Plena
461 851 710 914 puellarum
721 852 821 914 jam
840 852 922 899 tibi
945 852 1075 899 navis
1093 858 1182 900 eat.

230 913 371 972 Quod
394 917 432 963 si
455 915 564 978 quid
582 924 810 978 praecepta
829 916 985 964 valeat
1005 932 1123 973 mea,
1144 917 1184 965 si
1206 919 1313 980 quid
1336 916 1506 980 Apollo

298 980 429 1029 Utile
448 983 664 1029 mortales
683 983 898 1044 perdocet
918 998 998 1030 ore
1018 998 1122 1029 meo
1138 1001 1154 1039 ;
1471 986 1573 1037 490

231 1045 461 1101 Quamvis
482 1046 642 1094 infelix
662 1046 811 1095 medici
833 1048 1072 1095 torreberis
1093 1046 1274 1106 AEtn⁸¹i3

295 1111 526 1175 Frigidior
541 1113 689 1175 glacie
709 1112 782 1160 fac
803 1114 986 1160 videare
1005 1120 1114 1160 tuae.

225 1176 298 1226 Et
317 1193 482 1225 sanum
500 1179 693 1237 simula3
719 1194 798 1234 ne,
815 1179 854 1225 si
874 1179 985 1239 quid
1003 1175 1124 1225 forte
1144 1177 1329 1235 dolebis,

183 1254 187 1258 *
294 1242 499 1292 Sentiatz
526 1251 575 1292 et
597 1244 704 1300 ride,
727 1242 832 1291 cum
854 1244 934 1291 tibi
956 1243 1134 1291 flendus
1154 1244 1259 1291 eris.

139 1299 149 1306 ’
225 1307 340 1356 Non
362 1324 452 1372 ego
473 1317 522 1357 te
531 1311 674 1374 jubeo
696 1311 869 1358 medias
890 1310 1157 1372 abrumpere
1175 1324 1336 1357 curas:

291 1372 405 1421 Non
427 1382 535 1422 sunt
555 1375 731 1438 imperii
752 1383 846 1423 tam
869 1374 967 1422 sera
977 1376 1087 1439 jura
1106 1374 1213 1422 mei.

225 1437 367 1495 Quod
388 1456 482 1488 non
504 1457 567 1497 es,
591 1442 785 1499 sinmla3
806 1441 1069 1504 positosque
1088 1442 1269 1488 imitare
1286 1438 1495 1489 furerem

292 1505 370 1554 Sic
390 1506 529 1555 facies
550 1504 674 1562 vere,
697 1508 821 1569 quod
841 1508 1085 1554 meditatus
1107 1507 1211 1554 eris·

226 1568 361 1633 Saepe
383 1586 472 1634 ego
494 1588 553 1618 ne
573 1573 784 1627 biberem,
807 1572 933 1619 volui
955 1572 1152 1619 dormire
1171 1570 1343 1619 videri=

288 1634 420 1682 Dum
444 1637 611 1690 videor,
635 1651 798 1683 somno
818 1637 992 1685 lumina
1010 1638 1133 1683 victa
1154 1636 1272 1683 dedi.
1468 1636 1567 1683 500

161 1710 176 1715 ·
220 1699 485 1762 Deceptum
508 1701 598 1755 risi,
622 1701 697 1762 qui
720 1716 770 1747 se
790 1700 1030 1747 simulabat
1049 1715 1227 1757 amare3

290 1763 349 1814 In
369 1766 557 1827 laqueos
578 1780 742 1827 auceps
764 1765 1081 1826 decideratque
1101 1779 1223 1815 suos.

220 1828 374 1879 Intrat
395 1845 525 1878 amor
543 1837 722 1879 mentes
743 1844 858 1878 mu:
896 1829 1142 1879 dediscitu-
1161 1844 1263 1878 usu.

289 1896 385 1952 Qui
405 1897 574 1959 poterit
594 1910 756 1944 sanum
776 1895 967 1957 fingere,
989 1909 1127 1953 sanus
1141 1895 1243 1942 erit.

221 1961 424 2018 Dixerit,
447 1970 499 2009 ut
519 1962 678 2010 venias
698 1959 833 2024 pacti
852 1961 934 2009 tibi
957 1966 1108 2016 noete,
1220 1960 1300 2008 ‘to-

288 2026 498 2082 Veneris,
523 2032 572 2075 et
590 2027 731 2075 fuerit
742 2028 889 2091 janua
909 2026 1092 2084 clausa3

221 2091 328 2142 Nec
348 2092 424 2141 dic
441 2094 694 2148 blanditias,
718 2108 803 2140 nec
821 2091 897 2140 fac
918 2091 1128 2141 convicia
1146 2090 1281 2154 posti,

286 2158 392 2206 Nec
412 2159 533 2208 latus
553 2160 601 2207 in
623 2160 738 2207 duro
756 2158 915 2206 limine
935 2172 1057 2220 pone
1077 2162 1224 2205 tuum.
1332 2182 1347 2201 .

223 2219 416 2272 Postera
432 2225 516 2271 lux
536 2225 708 2283 εὐεπὴς
732 2230 916 2273 careant
938 2231 1019 2271 tua
1037 2222 1177 2272 verba
1195 2219 1388 2284 querelis
1401 2237 1416 2267 ι
1540 2240 1547 2246 ·

285 2289 354 2336 Et
374 2290 500 2337 nulla
519 2292 568 2338 in
587 2291 720 2339 vultu
741 2291 878 2355 signa
895 2288 1096 2337 dolentis
1114 2288 1243 2335 habe.
1466 2288 1568 2334 510

219 2352 326 2405 Jam
347 2362 488 2417 ponet
505 2355 664 2412 fastus,
689 2353 793 2404 cum
816 2364 864 2404 te
883 2356 1103 2419 languere
1122 2352 1317 2401 videbit:
1540 2364 1543 2367 ’

286 2419 398 2468 Hoc
418 2421 555 2468 etiam
577 2421 734 2468 nostra
752 2437 920 2470 munus
941 2421 997 2468 ab
1019 2427 1117 2469 arte
1135 2419 1271 2471 feres.

219 2483 294 2534 Te
311 2500 495 2548 quoque
513 2485 620 2533 falle
631 2494 797 2543 tamen,
822 2502 907 2534 nec
928 2487 990 2534 sit
1011 2487 1091 2535 tibi
1112 2485 1217 2533 finis
1238 2482 1431 2537 amandi.

285 2549 540 2614 Proposltis
555 2551 698 2599 frenis
720 2567 842 2615 saepe
863 2559 1089 2615 repugnat
1110 2567 1267 2614 equus.

223 2615 409 2665 Utilitas
429 2617 599 2676 lateat3
621 2617 743 2687 quod
760 2632 853 2667 non
872 2615 1143 2680 profitebere
1163 2615 1255 2664 fiet.

283 2680 406 2739 Quae
425 2684 563 2733 nimis
584 2684 803 2751 adparent
823 2684 951 2743 retia,
973 2683 1090 2733 vitat
1110 2682 1224 2734 avis.
