1867 2942
325 167 392 217 52
658 163 717 215 Ρ.
748 160 981 215 OVIDII
1011 157 1309 212 NASONIS
1325 162 1343 211 .“

332 292 545 342 Forsitan
566 300 626 350 et,
649 294 800 342 stultae
820 295 928 342 dum
949 301 997 340 te
1008 295 1184 357 Jactare
1201 292 1381 341 maritae

395 358 590 414 Quaeris,
613 366 660 406 et
680 360 858 422 injustis
876 360 1057 406 auribus
1076 366 1182 420 apta
1199 357 1339 418 loqui,

327 421 582 479 Infaciem,
606 439 846 485 moresque
864 439 1007 478 meos,
1028 439 1147 470 nova
1167 421 1356 470 crimina
1374 419 1556 485 fingas..
1655 418 1664 425 ’

392 487 571 544 Rideat,
595 495 640 534 et
661 489 781 535 vitiis
802 489 909 535 laeta
929 489 988 534 sit
1008 488 1085 535 illa
1104 488 1231 534 meis.

326 550 506 607 Rideat,
529 560 576 600 et
596 552 743 615 Tyrio
754 555 905 616 jaceat
925 553 1126 600 sublimis
1146 553 1194 598 in
1216 557 1371 609 ostro;

330 648 359 659 .-
392 616 569 665 Flebit:
608 627 656 669 et
676 618 858 668 ardores
876 619 1030 664 vincet
1049 618 1207 664 adusta
1227 632 1372 667 meos·
1557 617 1661 663 180

327 681 458 729 Dum
500 683 669 761 ferrum
692 682 996 744 'flammaeque
1039 681 1241 738 aderunt,
1284 694 1537 743 succusque
1567 695 1657 737 ve-

478 800 483 803 ,
518 763 637 803 nem,

393 809 558 860 Hostis
580 814 765 862 Medeae
783 813 934 861 nullus
954 812 1125 859 inultus
1146 812 1248 859 erit.

328 875 466 932 Quod
488 878 525 925 si
546 876 666 927 forte
686 895 843 942 preces
861 877 1109 942 praecordia
1125 877 1272 924 ferrea
1289 882 1515 940 tangunt3

393 943 533 1005 Nunc
553 945 715 993 animis
737 944 840 991 audi
861 944 998 992 verba
1017 942 1193 989 minora
1212 941 1339 990 meis.

324 1003 443 1054 Tam
466 1010 545 1057 tibi
567 1025 667 1056 sum
689 1010 890 1072 supplex,
912 1005 1048 1070 quem
1070 1014 1124 1055 tu
1141 1007 1251 1053 mihi
1271 1021 1396 1070 saepe
1411 1006 1536 1055 fuisti
1549 1023 1566 1054 ε

388 1072 492 1120 Nec
512 1089 664 1121 moror
684 1081 789 1121 ante
810 1080 913 1121 tuos
931 1072 1226 1135 procubuisse
1242 1072 1396 1135 pedes.

324 1136 381 1186 si
398 1139 477 1185 tibi
499 1154 599 1185 sum
620 1139 748 1195 vilis3
782 1153 1046 1198 communes
1067 1137 1239 1200 respice
1258 1145 1402 1186 natos.

353 1226 364 1257 ς
389 1201 560 1251 Saeviet
581 1204 631 1250 in
649 1209 806 1264 partus
828 1203 924 1249 dira
946 1217 1143 1250 noverca
1162 1217 1303 1250 meos.

323 1264 392 1315 Et
413 1264 602 1314 nimidm
624 1267 792 1314 similes
812 1268 892 1314 tibi
913 1274 1049 1315 suntz
1086 1274 1134 1315 et
1155 1268 1354 1335 imagine
1372 1271 1540 1331 tangor
1552 1283 1570 1313 a

386 1329 467 1387 Et,
489 1332 666 1393 quoties
686 1332 830 1388 video,
852 1332 1025 1378 lumina
1045 1340 1201 1378 nostra
1221 1331 1415 1379 madent.
1557 1331 1657 1381 190

322 1393 416 1444 Per
437 1411 621 1459 superos
643 1412 735 1450 oro,
758 1412 838 1456 per
859 1397 994 1442 avitae
1013 1396 1188 1442 lumina
1205 1393 1415 1451 flammae,

388 1458 480 1508 Per
499 1462 723 1517 meritum,
745 1466 793 1506 et
813 1467 957 1516 natos,
979 1459 1172 1523 pignora
1192 1468 1359 1514 nostra,
1382 1460 1521 1508 duos:

322 1523 487 1573 Redde
507 1533 688 1584 torum3
723 1541 807 1587 pro
827 1540 918 1586 quo
940 1531 1011 1571 tot
1031 1540 1106 1571 ren
1123 1525 1284 1573 insana
1303 1525 1479 1588 reliqui.

386 1590 520 1637 Adde
540 1589 674 1639 fidem
696 1590 826 1638 dictis
836 1607 854 1648 ;
886 1590 1194 1651 auxiliumque
1213 1590 1345 1637 refer.

318 1652 374 1705 N
374 1669 434 1701 on
455 1670 544 1717 ego
565 1663 613 1703 te
631 1656 821 1718 imploro
842 1662 1000 1702 contra
1019 1661 1262 1716 taurosque
1279 1656 1522 1719 virosque3

389 1719 547 1781 thue
568 1720 648 1769 tufi
668 1735 853 1783 serpens
873 1722 997 1769 victa
1018 1721 1222 1781 quiescat
1243 1736 1344 1783 ope.

320 1782 401 1835 Te
413 1792 533 1847 peto,
556 1801 690 1848 quem
711 1787 868 1842 merui,
892 1801 1027 1848 quem
1050 1786 1179 1832 nobis
1200 1785 1297 1848 ipse
1317 1785 1509 1845 dedisti;

387 1847 517 1899 Cum¹
529 1868 620 1913 quo
641 1868 741 1900 sum
762 1853 928 1914 pariter
948 1851 1068 1898 facta
1087 1858 1273 1913 parente
1294 1866 1472 1913 parens.

321 1915 427 1964 Dos
449 1917 523 1963 ubi
546 1917 617 1974 sit,
641 1918 834 1978 quaeris:
874 1932 1035 1979 campo
1058 1917 1393 1964 numeravimus
1414 1916 1507 1973 illo,

386 1980 480 2037 Qui
502 1982 594 2037 tibi,
618 1982 764 2030 laturo
786 1982 944 2036 vellus,
968 1981 1160 2029 arandus
1182 1988 1294 2028 erat.
1417 2018 1422 2025 .
1548 1982 1652 2033 900

320 2045 503 2107 Aureus
524 2047 601 2094 ille
622 2048 751 2102 eries,
773 2047 884 2095 villo
907 2046 1161 2108 spectabilis
1181 2061 1335 2102 aureo,

385 2109 492 2164 Dos
513 2127 643 2159 mea:
686 2111 852 2173 Quam,
875 2112 1021 2159 dicam
1045 2112 1083 2158 si
1106 2111 1197 2167 tibi,
1221 2111 1392 2169 redde;
1426 2124 1585 2174 neges.
1625 2116 1646 2153 ἡτ

290 2171 424 2235 ,Dos
446 2191 559 2232 mea,
584 2183 634 2224 tu
656 2192 840 2238 sospesz
879 2177 962 2224 dos
985 2182 1054 2223 est
1076 2192 1191 2232 mea,
1218 2176 1361 2240 Grqja
1370 2176 1608 2239 juventus.

384 2237 410 2285 1
432 2247 568 2297 nunc,
593 2241 839 2303 sisyphius,
861 2241 1078 2305 improbe,
1100 2240 1257 2289 confer
1277 2256 1404 2303 opes.
1643 2282 1650 2289 .

318 2301 459 2360 Quod
478 2306 626 2364 vivis;
661 2303 780 2367 quod
800 2307 937 2354 habes
953 2312 1152 2369 nuptam,
1171 2319 1470 2369 socerumque
1481 2311 1650 2368 poten-

511 2376 606 2417 tem
619 2387 636 2428 ;
906 2406 909 2411 .

385 2431 496 2485 Hoc
518 2434 678 2495 ipsum,
700 2436 906 2496 ingratus
927 2431 1049 2496 quod
1070 2440 1201 2497 potes
1222 2451 1336 2491 esse,
1359 2449 1512 2483 meum
1533 2440 1620 2487 est.

319 2496 453 2552 Quos
473 2498 680 2557 equidem
701 2498 930 2547 actutum!
969 2499 1049 2546 sed
1069 2499 1177 2560 quid
1195 2500 1442 2562 praedicere
1462 2513 1648 2565 poenm

384 2561 601 2608 Attinet?
632 2563 842 2625 ingentes
863 2564 1055 2626 parturit
1075 2564 1143 2611 ira
1161 2565 1324 2612 minas.
1561 2602 1568 2608 .

316 2621 428 2681 Qua
447 2623 563 2676 feret
581 2626 661 2682 ira,
683 2641 856 2687 sequar.
923 2626 1054 2675 Facti
1073 2626 1265 2677 fortasse
1282 2627 1471 2694 pigebit.
1551 2672 1556 2677 ,
1629 2666 1634 2673 .

381 2687 450 2738 Et
469 2690 597 2755 piget
616 2690 754 2741 infido
775 2691 1056 2743 consuluisse
1074 2691 1190 2743 viro·
1415 2737 1424 2743 .
1542 2695 1649 2741 210
