1867 2942
286 92 380 140 106
620 88 676 137 P.
708 86 946 138 OVIDII
980 84 1285 140 NASONIS

285 219 452 277 Verba,
474 220 584 283 quid
603 219 817 276 exsultas,
840 226 921 268 tua
943 220 982 267 si
1003 220 1113 268 mihi
1135 221 1275 269 verba
1296 219 1556 278 dederunt3

352 286 557 350 Sumque
574 301 733 348 parum
754 285 955 348 prudens
977 292 1111 348 capta
1129 287 1282 349 puella
1303 286 1461 334 dolis?

288 348 497 416 Cydippe
516 366 715 414 pomum,
737 358 923 413 pomum
949 352 1224 399 Schoeneida
1246 352 1379 414 cepit.

352 415 427 464 Tu
450 431 570 464 nunc
596 416 924 479 Hippomenes,
950 417 1134 472 scilieet,
1158 417 1272 464 alter
1294 418 1400 464 eris.

287 484 359 532 At
378 481 524 529 fuerat
544 483 719 535 melius,
744 482 805 546 (si
829 490 877 529 te
895 497 1009 543 puer
1029 483 1117 529 iste
1137 483 1332 538 tenebat,

358 546 510 602 Quem
533 555 583 594 tu
607 548 759 594 nescio
781 560 892 608 quas
916 548 1028 594 dicis
1049 548 1214 595 habere
1235 543 1398 607 faces)

291 613 430 662 More
448 613 580 660 bonis
602 613 735 660 solito
758 627 884 675 spem
907 626 1001 659 non
1024 628 1314 676 corrumpere
1332 611 1512 661 fraude.

355 678 603 727 Exoranda
623 679 715 733 tibi,
740 693 833 724 non
855 677 1073 740 capienda
1090 677 1174 724 fui.

218 789 231 799 „
294 741 407 798 Cur,
429 759 506 791 me
526 741 630 790 cum
651 751 841 806 peteres,
865 758 919 790 ea
940 758 1034 790 non
1054 742 1307 806 profitenda
1326 743 1537 806 putabas,

361 808 555 873 Propter
576 822 680 870 quae
703 809 865 856 nobis
852 820 950 871 lpse
970 809 1191 870 petendus
1213 823 1345 856 eras.
1328 808 1354 838 ⁹
1543 812 1645 856 130

295 871 480 938 Cogere
496 890 581 922 eur
594 876 759 938 potius,
783 871 916 935 quam
940 874 1221 937 persuadere,
1245 874 1446 931 volebas,

361 940 412 989 Si
431 947 633 1004 poteram
655 937 806 987 audita
825 940 1085 986 conditione
1104 939 1203 1002 capi
1215 939 1240 986 ἰ)

296 1005 423 1062 Quid
443 1006 523 1052 tibi
545 1021 667 1052 nune
686 1004 871 1066 prodest
881 1004 1066 1066 jurandi
1089 1004 1286 1053 formula
1296 1004 1434 1068 juris,

361 1069 634 1149 Linguaque
652 1076 921 1132 praesentem
945 1067 1186 1117 testificata
1208 1068 1362 1117 Deam
1377 1069 1402 1115 'x’

297 1136 456 1198 QuaeJ
442 1137 571 1189 urat,
594 1150 724 1181 mens
746 1140 845 1181 est:
884 1134 951 1181 nil
969 1135 1307 1198 conjuravimus
1325 1132 1418 1182 illa.

363 1200 452 1247 Ina
470 1199 604 1246 fidem
627 1200 758 1247 dictis
772 1200 943 1247 addere
962 1201 1059 1248 sola
1079 1207 1245 1262 potest.

298 1265 553 1317 Consilium
572 1265 858 1327 prudensque
878 1266 1017 1312 animi
1039 1266 1265 1313 sententia
1274 1267 1417 1329 Jurat,

365 1330 434 1380 Et
453 1330 539 1377 nisi
553 1330 712 1394 judicii
733 1330 914 1378 vincula
935 1331 1059 1379 nulla
1078 1331 1248 1379 valent.

302 1397 355 1446 si
376 1395 455 1443 tibi
477 1396 740 1459 eonjugium
760 1395 885 1443 volui
904 1397 1170 1459 promittere
1190 1401 1398 1445 nostrum
1414 1412 1433 1454 ς

302 1459 1231 1590 SedEJsKigisslpd’diii‘iiiiigssisstgrgiignpecto·
1232 1542 1283 1576 re
1302 1540 1503 1587 vocem3
1545 1465 1650 1511 14⁰

368 1591 524 1640 Verba
544 1593 637 1641 suis
656 1591 824 1640 frustra
844 1593 1015 1641 viribus
1037 1594 1147 1641 orba
1167 1600 1313 1642 tenes.

302 1657 418 1706 Non
440 1660 528 1721 egb
540 1658 717 1722 juravi:
755 1657 848 1722 legi
862 1658 1063 1721 jurantia
1080 1659 1231 1707 verba.

370 1723 458 1770 Vir
478 1725 589 1771 mihi
610 1739 703 1771 non
723 1723 814 1772 isto
835 1740 965 1772 more
981 1724 1206 1787 legendus
1224 1736 1340 1773 eras.

303 1790 485 1853 Decipe
505 1791 571 1836 sic
593 1791 731 1838 alias:
772 1791 985 1837 succedat
1004 1788 1193 1852 epistola
1212 1804 1366 1853 pomo.

373 1855 423 1903 Si
445 1855 568 1903 valet
586 1856 704 1913 hoc;
740 1870 932 1918 magnas
954 1854 1108 1903 divitis
1129 1854 1256 1903 aufer
1276 1868 1405 1919 opes.

307 1920 414 1974 Fae,
428 1921 586 1985 jurent
608 1921 769 1984 Reges
789 1937 870 1968 sua
892 1937 943 1968 se
964 1921 1044 1969 tibi
1067 1934 1211 1985 regna
1232 1922 1448 1979 daturum

373 1986 532 2048 Sitque
553 1995 697 2041 tuum,
718 1992 818 2034 toto
838 1987 1053 2048 quidquid
1073 1987 1121 2033 in
1144 1986 1252 2034 orbe
1272 1986 1435 2048 placet.

307 2051 465 2116 Major
484 2067 533 2099 es
554 2050 640 2098 hac
658 2049 756 2114 ipsa
776 2048 921 2098 multo
947 2050 1251 2115 (mihicrede)
1277 2050 1446 2108 Diana,
1473 2052 1476 2055 ’

375 2117 425 2165 si
448 2124 528 2164 tua
548 2124 641 2163 tam
663 2130 864 2178 praesens
884 2117 1016 2164 litera
1038 2132 1206 2164 numen
1230 2117 1377 2166 habet.
1549 2118 1652 2167 150

307 2180 431 2234 Cum
451 2189 605 2230 tamen
625 2182 727 2229 haee
748 2181 856 2238 dixi,
877 2182 983 2229 eum
1005 2196 1081 2229 me
1101 2183 1181 2229 tibi
1202 2181 1333 2230 firma
1354 2182 1536 2246 negavi,

374 2246 499 2296 Cum
516 2249 632 2294 bene
652 2247 862 2309 promissi
882 2260 1043 2294 caussa
1062 2254 1246 2310 peracta
1264 2248 1357 2296 mei
1376 2255 1478 2307 est3

308 2310 557 2368 confiteor,
579 2313 720 2360 timeo
741 2328 879 2360 saevae
901 2310 1155 2369 Latoidos
1140 2328 1287 2361 iram.

373 2377 442 2426 Et
463 2393 626 2453 corpus
645 2378 751 2425 laedi
773 2378 977 2441 suspicor
997 2378 1102 2425 inde
1123 2392 1291 2426 meum.

311 2440 439 2492 Nam
461 2443 613 2504 quare,
635 2443 813 2504 quoties
836 2442 1020 2492 socialia
1040 2458 1168 2491 sacra
1186 2448 1416 2506 parantur,

373 2507 602 2571 Nupturae
621 2510 759 2556 toties
775 2509 991 2572 languida
1008 2509 1210 2557 membra
1229 2509 1399 2557 cadunt
1412 2506 1438 2554 ἱ)

307 2568 405 2621 Ter
425 2574 568 2620 mihi
546 2587 646 2636 Jam
665 2575 855 2620 veniens
875 2576 1048 2638 positas
1070 2574 1363 2636 Hymenaeus
1381 2574 1440 2622 ad
1460 2586 1566 2623 aras

374 2636 550 2701 Fugit3
584 2644 633 2685 et
655 2635 682 2686 ὲ
703 2638 886 2686 thalami
906 2638 1063 2687 limine
1082 2646 1215 2703 terga
1234 2639 1376 2689 dedit.
