1867 2942
284 153 345 196 12
622 148 680 199 P.
710 146 943 199 OVIDII
975 144 1274 197 NASONIS

282 278 356 328 Sis
376 276 488 327 licet
506 280 708 336 immitis,
730 280 989 342 Mati-isque
1005 279 1201 328 ferocior
1222 280 1386 337 undis3

351 344 423 393 Ut
440 352 630 402 taceam,
657 347 854 393 lacrimis
876 343 1187 393 comminuere
1207 347 1350 392 meisa

285 408 429 458 Nunc
440 426 623 473 quoque
638 412 727 475 (sic
742 426 901 458 omnes
919 411 1087 457 Peleus
1106 418 1234 472 pater
1254 410 1439 472 impleat
1460 424 1625 465 annos,

352 476 429 523 Sic
451 484 526 523 eat
545 478 756 538 auspiciis
777 476 984 539 Pyrrhus
1006 477 1053 523 in
1074 491 1200 523 arma
1220 475 1334 537 tuis)

284 539 484 603 Respice
504 542 739 589 sollicitam
763 542 983 593 Briseida.
1005 541 1137 589 fortis
1159 541 1368 599 Achille3

352 605 457 653 Nec
478 608 688 654 miseram
709 605 833 654 lentii
852 607 1027 653 ferreus
1049 621 1129 653 ure
1157 605 1300 653 mora.

286 670 401 726 Aut,
425 673 463 719 si
483 688 643 721 versus
664 688 792 720 amor
812 680 919 719 tuus
941 680 1014 719 est
1035 673 1081 718 in
1103 673 1240 719 taedia
1261 671 1436 730 nostri3

356 737 508 792 Quam
532 739 629 786 sine
651 745 699 785 te
719 739 848 801 cogis
871 739 1038 793 vivere,
1062 753 1180 800 coge
1201 738 1332 784 mori.
1531 740 1632 784 140

291 801 452 865 thue
470 803 598 859 facis,
620 820 773 866 coges.
840 802 968 850 Abiit
989 819 1242 865 corpusque
1263 803 1493 863 colorque.
1602 797 1612 805 ’

357 870 564 917 Sustinet
585 871 671 916 boc
692 870 856 916 animae
878 884 982 931 spes
1003 876 1157 916 tamen
1180 883 1273 916 una
1292 870 1376 915 tui.

293 933 402 991 Qua
422 936 461 982 si
484 936 715 989 destituor,
740 941 940 997 repetam
962 933 1211 995 fratresque
1232 934 1497 996 virumque:

359 999 462 1048 Nec
485 1000 565 1047 tibi
586 999 878 1062 magnificum
900 999 1072 1047 femina
1082 1001 1214 1062 jussa
1235 1000 1365 1046 mori.
1383 1022 1389 1035 ι

294 1064 394 1116 Cur
415 1072 566 1111 autem
578 1064 773 1128 Jubeas?
806 1065 967 1111 stricto
988 1072 1093 1126 pete
1115 1080 1305 1126 corpora
1324 1065 1462 1112 ferro.

359 1129 450 1178 Est
470 1130 594 1184 mihi,
616 1131 694 1191 qui
714 1130 840 1176 fosso
862 1137 1048 1191 pectore
1070 1131 1256 1191 sanguis
1277 1137 1366 1177 eat.

294 1195 382 1244 Me
400 1201 527 1257 petat
546 1195 625 1242 ille
645 1202 765 1249 tuus,
788 1194 880 1254 qui,
905 1195 943 1241 si
966 1192 1072 1240 Dea
1091 1209 1223 1256 passa
1241 1194 1417 1252 fuisset,

359 1259 501 1308 Ensis
520 1260 569 1306 in
591 1259 770 1306 Atridae
790 1265 950 1320 pectus
970 1259 1117 1306 iturus
1138 1266 1250 1307 erat.

294 1325 374 1374 Ah
395 1321 546 1388 potius
569 1340 723 1372 serves
744 1332 961 1378 nostram,
984 1330 1063 1371 tua
1083 1340 1284 1380 munera,
1307 1326 1466 1375 vitam.

362 1390 503 1445 Quod
524 1390 709 1438 dederas
729 1390 849 1436 hosti
871 1391 1031 1443 victor,
1056 1390 1200 1437 amica
1221 1405 1356 1453 rogo.-
1538 1394 1636 1441 150

298 1455 497 1510 Perdere
518 1464 635 1516 qu'os
655 1452 816 1503 melius
836 1456 997 1516 possis,
1022 1454 1257 1518 Neptunia
1276 1458 1480 1519 praebent

364 1520 605 1582 Pergama.
670 1520 916 1567 Materiam
939 1520 1077 1568 caedis
1098 1522 1153 1568 ab
1176 1523 1307 1569 hoste
1324 1529 1444 1584 pete.

296 1583 556 1641 Memodo,
579 1585 676 1633 sive
695 1600 826 1647 paras
846 1586 1082 1648 impellere
1098 1587 1273 1648 remige
1293 1589 1501 1646 classem,
1537 1642 1542 1651 ,

328 1697 333 1703 .
365 1652 474 1700 Sive
494 1665 665 1708 nunes,
687 1651 857 1699 domini
869 1653 979 1716 jure
998 1651 1156 1700 venire
1167 1652 1294 1717 jube.

733 1849 1075 1901 EPISTOLA
1107 1849 1200 1900 1v.

702 1997 925 2032 PHAEDRA
957 1997 1245 2031 antonno.

305 2109 427 2170 Qua,
446 2112 536 2160 nisi
558 2118 610 2160 tu
632 2113 820 2170 dederis,
842 2114 1039 2161 caritura
1058 2120 1130 2160 est
1149 2114 1260 2176 ipsa,
1283 2112 1477 2162 salutem

369 2178 522 2226 Mittit
543 2177 802 2226 Amazonio
825 2176 996 2228 Cressa
1014 2179 1165 2240 puella
1184 2180 1301 2226 viro.

305 2241 504 2306 Perlege
514 2244 833 2306 quodcumque
844 2251 915 2290 est
932 2262 945 2291 t
974 2243 1083 2304 quid
1097 2244 1288 2307 epistola
1300 2244 1420 2292 lecta
1432 2245 1648 2294 nocebit?

366 2306 443 2357 Te
465 2324 658 2370 quoque,
681 2310 730 2356 in
754 2311 838 2357 hac
860 2309 1040 2371 aliquid,
1065 2309 1187 2370 quod
1197 2311 1346 2373 juvet,
1360 2318 1646 2376 essepotest.

306 2370 403 2424 His
422 2389 586 2421 arcana
608 2375 728 2421 notis
749 2372 870 2422 terni
889 2375 1145 2437 pelagoque
1171 2376 1410 2425 feruntur:

371 2436 565 2501 Inspicit
584 2448 791 2501 acceptas
813 2441 957 2488 hostis
978 2442 1033 2487 ab
1054 2441 1186 2489 hoste
1206 2449 1352 2489 notas.

305 2500 403 2559 Ter
422 2510 575 2551 tecum
598 2515 764 2552 conata
783 2507 921 2568 loqui,
945 2514 1016 2554 ter
1037 2506 1210 2555 inutilis
1231 2507 1368 2557 hesit

372 2566 572 2631 Lingua,
594 2575 666 2616 ter
686 2571 735 2616 in
755 2572 902 2633 primo
924 2572 1098 2619 destitit
1119 2588 1200 2620 ore
1227 2586 1385 2620 sonus.

309 2631 419 2689 Qns
436 2632 545 2681 licet
566 2639 615 2680 et
634 2637 852 2695 sequitur,
880 2637 1029 2699 pudor
1048 2644 1122 2685 est
1141 2636 1401 2686 miscendus
1420 2638 1594 2686 amori..

373 2696 546 2752 Dicere
567 2714 673 2761 quae
691 2701 866 2762 puduit,
888 2702 1084 2754 scribere
1094 2703 1234 2767 jussit
1255 2702 1417 2752 Amor.
1588 2706 1651 2753 10
