1867 2942
541 178 917 243 Ennomus.
950 234 954 239 ,
972 179 1139 242 nrm.
1156 181 1324 259 xnt„
1522 186 1581 233 91

259 308 354 359 His
374 308 484 357 mihi
506 311 736 368 submotae,
760 312 833 360 vel
849 313 887 360 si
908 310 1059 362 minus
1080 315 1241 362 acriter
1261 329 1376 370 urar,

325 374 464 429 Quod
482 373 655 434 faciam,
679 386 892 440 superest,
915 387 1080 440 praeter
1100 395 1263 434 amare,
1286 379 1409 426 nihil.

261 439 404 496 Quod
424 450 636 504 superest,
658 442 776 490 facio
794 461 805 490 :
847 452 990 505 teque,
1017 442 1044 491 6
1066 461 1167 492 mea
1189 445 1283 491 sola
1303 446 1521 507 voluptas.

325 503 441 553 Plus
462 522 649 568 quoque,
672 505 804 569 quam
829 509 951 554 reddi
973 510 1092 569 quod
1112 510 1222 556 mihi
1243 509 1397 571 possit,
1420 525 1536 558 amo.

260 569 363 620 Aut
382 586 473 632 ego
495 586 596 618 cum
620 571 721 619 carii
742 574 798 620 de
819 580 865 620 te
887 574 1059 620 nutrice
1081 590 1295 631 susurro;

329 635 539 699 Quaeque
558 644 696 692 tuum,
721 638 873 692 miror,
898 654 1056 686 caussa
1075 648 1274 686 moretur
1291 639 1403 687 iter:
1537 641 1603 686 20

260 700 364 750 Aut
382 718 505 750 mare
525 703 809 765 prospiciens,
834 703 990 750 odioso
1013 705 1189 752 concita
1208 711 1345 752 vento

331 764 540 831 Corripio
562 768 707 815 verbis
730 784 911 829 aequora
930 765 1048 830 pene
1070 770 1189 816 tuis:

260 831 362 882 Aut
381 833 456 880 ubi
479 833 666 881 saevitiae
686 833 883 895 paullum
904 834 1057 896 gravis
1073 834 1193 881 unda
1213 834 1404 880 remisit=

327 898 472 946 Posse
493 899 684 960 quidem,
707 898 787 945 sed
807 906 854 947 te
876 899 995 945 nolle
1016 899 1181 952 venire,
1205 914 1395 960 querorz

263 962 483 1025 Dumque
505 979 678 1025 queror,
700 962 896 1010 lacrimae
917 979 999 1027 per
1013 965 1207 1011 amantia
1220 964 1391 1011 lumina
1404 969 1601 1019 manant,

330 1027 500 1076 Pollice
523 1044 632 1089 quas
654 1028 847 1075 tremulo
869 1028 1049 1076 conscia
1070 1029 1208 1076 siccat
1227 1044 1353 1076 anuS.

263 1094 299 1143 S
417 1095 496 1148 tui,
521 1100 686 1155 specto,
709 1094 748 1140 si
771 1093 861 1140 sint
880 1093 927 1140 in
948 1094 1079 1141 litore
1099 1108 1285 1156 passus:

358 1160 570 1223 mpositas
592 1167 818 1220 tamquam
840 1167 991 1206 servet
1011 1174 1146 1206 arena
1167 1167 1310 1206 notas.

264 1225 423 1286 thue
443 1240 599 1287 rogem
622 1225 678 1272 de
700 1232 758 1279 te,
781 1232 828 1272 et
849 1225 1037 1272 scribam
1059 1224 1150 1279 tibi,
1176 1225 1213 1272 si
1234 1226 1333 1286 quis
1354 1222 1522 1285 Abydo

327 1287 531 1345 Venerit,
557 1298 634 1337 aut
654 1306 820 1351 quaero,
845 1291 883 1337 si
904 1291 1004 1352 quis
1026 1290 1224 1351 Abydon
1246 1297 1332 1336 eat.
1533 1289 1603 1335 30

259 1354 388 1413 Quid
408 1354 608 1409 referam,
632 1355 805 1416 quoties
826 1356 928 1401 dem
950 1355 1147 1402 vestibus
1169 1354 1334 1412 oscula,
1357 1368 1467 1416 quas
1487 1359 1540 1401 tu

330 1419 700 1482 Hellespontiaca
719 1421 850 1483 ponis
871 1420 1015 1467 iturus
1037 1418 1153 1481 aqua
1166 1420 1189 1465 ?

265 1485 344 1537 sie
364 1486 439 1534 ubi
460 1486 540 1532 lux
561 1494 662 1533 acta
682 1494 762 1541 est,
787 1493 833 1532 et
855 1486 999 1532 noctis
1021 1486 1205 1533 amicior
1225 1487 1337 1534 hora

328 1550 549 1600 Exhibuit
568 1550 698 1614 pulso
720 1551 863 1597 sidera
884 1551 1002 1597 clara
1023 1550 1094 1598 die
1111 1567 1127 1608 ;

260 1615 477 1665 Protinus
499 1616 545 1663 in
566 1612 743 1664 summa
762 1616 995 1677 vigilantia
1013 1616 1186 1663 lumina
1204 1622 1327 1663 turre

303 1698 308 1704 ·
330 1680 562 1735 Ponimus
585 1680 781 1728 adsuetae
803 1681 934 1742 signa
955 1688 1196 1742 notamque
1216 1681 1320 1728 viae.

260 1746 492 1808 Tortaque
512 1752 692 1793 versato
713 1745 926 1791 ducentes
948 1746 1138 1792 stamina
1156 1744 1271 1800 fuso,

326 1809 545 1860 Feminea
565 1808 714 1857 tardas
734 1808 928 1856 fallimus
949 1817 1044 1856 arte
1064 1824 1227 1856 moras.

264 1876 389 1934 Quid
407 1878 567 1938 loquar
586 1874 757 1920 interea
774 1880 869 1920 tam
889 1873 1030 1936 longo
1051 1881 1264 1936 tempore,
1287 1872 1451 1934 quaeris
1464 1870 1488 1918 ἰ’

322 1942 421 1999 Nil,
445 1941 531 1989 nisi
553 1938 751 1986 Leandri
767 1953 946 1992 nomen,
967 1941 1016 1985 in
1038 1954 1115 1986 ore
1136 1953 1239 1985 meo
1260 1944 1343 1986 est.
1538 1939 1606 1984 40

259 2006 427 2059 Jamne
447 2014 577 2070 putes
599 2004 747 2052 exisse
768 2004 902 2052 domo
924 2018 1027 2051 mea
1046 2004 1222 2065 gaudia,
1246 2001 1403 2049 nutrix
1416 2000 1440 2048 2

327 2072 407 2121 An
428 2072 621 2134 vigilant
640 2085 797 2119 omnes
811 2068 834 2114 ἰ’
868 2075 915 2116 et
935 2069 1066 2116 timet
1085 2069 1160 2116 ille
1181 2083 1288 2116 suos
1302 2066 1326 2113 ἲ

259 2136 428 2189 Jamne
449 2153 552 2186 suas
574 2135 770 2184 humeris
788 2135 917 2182 illum
941 2134 1161 2197 deponere
1182 2139 1365 2190 vestem

328 2202 510 2251 Pallade
522 2204 619 2265 jam
632 2201 798 2282 pingui
818 2199 1032 2263 tinguere
1046 2200 1246 2248 membra
1265 2205 1395 2262 putes
1409 2194 1433 2241 ’ἒ

264 2268 445 2318 Adnuit
461 2268 539 2315 illa
558 2266 682 2315 fere:
722 2281 814 2314 non
835 2274 989 2315 nostra
1008 2262 1128 2328 quad
1149 2264 1302 2311 oscula
1322 2269 1481 2321 curet3

330 2333 423 2382 Sed
442 2339 595 2380 movet
615 2332 832 2394 obrepens
855 2346 1040 2379 somnus
1061 2331 1178 2378 anile
1198 2336 1344 2391 caput.

261 2398 466 2461 Postque
486 2412 628 2444 morae
647 2394 895 2451 mminium,
917 2395 953 2445 J
953 2412 1024 2443 am
1042 2391 1164 2443 certe
1179 2393 1376 2457 navigat,
1393 2392 1603 2461 inquam-3

326 2463 564 2525 Lentaque
586 2461 766 2508 dimotis
784 2461 963 2508 brachia
974 2463 1118 2523 Jactat
1138 2459 1279 2522 aquis.

263 2527 503 2591 Paucaque
524 2522 628 2574 culm
652 2524 772 2573 tacta
790 2523 955 2588 perfeci
978 2524 1170 2574 stamina
1188 2521 1291 2581 tela,

328 2594 408 2641 An
428 2593 577 2640 medio
595 2590 754 2656 possi&
774 2591 1031 2652 quaerimus,
1053 2602 1152 2638 esse
1171 2590 1303 2638 freto.
1538 2586 1606 2633 50

261 2658 332 2710 Et
349 2655 487 2708 mod&
503 2656 826 2722 prospicimusz
864 2654 1022 2703 timida
1041 2653 1177 2704 modd
1197 2671 1311 2705 voce
1330 2665 1579 2718 precamur,

328 2722 401 2773 Ut
420 2723 498 2773 tibi
519 2723 596 2772 det
612 2721 767 2772 faciles
786 2719 907 2771 utilis
927 2737 1037 2773 aura
1055 2722 1166 2779 vias.
