1867 2942
336 304 342 311 ’
416 333 1281 448 P.0V1D11NASONIS

341 527 428 611 Η
491 529 570 649 Ε
630 529 710 610 R
771 525 845 609 O
911 527 954 607 I
1019 486 1248 611 DE
1306 526 1389 639 S?

548 849 890 901 EPISTOLA
923 849 1167 901 PRIMA..

660 996 910 1030 PENELOPE
931 995 1086 1030 ULIXI.

195 1115 352 1164 unm
375 1121 457 1161 tua
481 1111 708 1176 Penelope
727 1113 853 1161 lento
875 1115 955 1161 tibi
977 1114 1129 1171 mittit,
1156 1113 1310 1165 Ulixe.

263 1180 349 1227 Nil
361 1180 473 1227 mihi
495 1180 710 1226 rescribas
731 1186 782 1226 ut
803 1186 978 1227 tamen:
1018 1182 1115 1243 ipse
1135 1183 1255 1230 veni.

193 1245 338 1309 Troja
347 1247 474 1310 jacet
494 1241 630 1300 certe,
655 1243 833 1292 Danais
854 1245 1001 1292 invisa
1021 1245 1195 1307 puellis.

266 1310 365 1357 Vix
382 1310 596 1358 Priamus
618 1311 746 1364 tanti,
771 1317 958 1372 totaque
979 1308 1133 1374 Troja,
1156 1311 1258 1360 fuit.

198 1376 246 1424 Ο
267 1377 441 1423 utinam
464 1380 586 1431 tunc,
610 1373 714 1436 cum
738 1373 1075 1423 Lacedaemona
1095 1377 1239 1425 classe
1257 1377 1452 1440 petebat,

265 1432 467 1489 Obrutus
488 1441 657 1487 insanis
678 1448 800 1495 esset
820 1441 995 1488 adulter
1017 1441 1165 1503 aquis!

199 1507 316 1554 Non
336 1522 426 1568 ego
447 1506 623 1552 deserto
634 1507 881 1568 jacuissem
903 1506 1069 1569 frigida
1088 1507 1221 1566 lecto,

268 1571 372 1620 Nec
388 1587 597 1632 quererer
618 1573 769 1619 tardos
785 1573 851 1619 ire
872 1572 1029 1620 relicta
1044 1573 1166 1620 dies:
1247 1611 1258 1623 ,

201 1635 311 1685 Nec
332 1637 455 1691 mihi,
479 1638 700 1697 quaerenti
723 1639 965 1700 spatiosam
985 1637 1141 1685 fallere
1163 1645 1360 1699 noctem,

269 1701 485 1749 Lassaret
504 1702 662 1749 viduas
682 1703 878 1764 pendula
898 1703 991 1749 tela
1009 1698 1186 1752 manus.
1483 1708 1548 1753 10

206 1768 405 1823 Quando
427 1783 516 1829 ego
532 1782 626 1813 non
647 1767 777 1813 timui
798 1768 1009 1830 graviora
1021 1769 1222 1830 pericula
1240 1770 1361 1818 veris
1374 1768 1399 1817 ἲ

152 1884 157 1889 ,
272 1832 373 1880 Res
394 1839 466 1879 est
486 1831 664 1878 solliciti
685 1832 818 1893 plena
839 1833 1015 1879 timoris
1036 1848 1175 1880 amor.

208 1897 268 1946 In
292 1905 340 1945 te
359 1897 588 1959 fingebam
610 1896 835 1943 violentos
856 1894 1005 1943 Troas
1027 1899 1196 1944 iturosz

275 1963 480 2013 Nomine
500 1963 548 2009 in
572 1959 808 2008 Hectoreo
834 1962 999 2024 pallida
1020 1977 1197 2024 semper
1217 1977 1355 2011 eram.
1411 1958 1414 1961 ’

209 2028 322 2078 Sive
343 2029 444 2090 quis
459 2027 759 2075 Antilochum
782 2028 988 2074 narrabat
1011 2028 1066 2074 ab
1090 2027 1296 2076 Hectore
1315 2029 1519 2091 victum3

277 2093 553 2142 Antilochus
575 2094 718 2140 nostri
740 2108 899 2140 caussa
919 2093 1095 2141 timoris
1117 2100 1243 2141 erati

212 2160 323 2209 Sive
338 2158 656 2206 Menoetiaden
671 2158 796 2206 falsis
820 2159 1036 2206 cecidisse
1058 2161 1142 2206 sub
1162 2159 1298 2207 armis
1314 2175 1332 2217 ς

278 2223 470 2273 Flebam
487 2240 698 2271 successu
719 2240 852 2287 posse
872 2240 1026 2272 carere
1041 2225 1184 2272 dolos.

216 2290 454 2352 Sanguine
474 2288 768 2351 Tlepolemus
785 2288 981 2351 Lyciam
1003 2290 1277 2353 tepefecerat
1297 2291 1473 2341 hastam
1491 2307 1508 2351 ς

282 2353 539 2416 Tlepolemi
561 2355 652 2401 leto
674 2371 782 2403 cura
797 2363 965 2403 novata
985 2371 1088 2402 mea
1109 2362 1194 2402 est.
1495 2361 1561 2405 20

215 2418 450 2480 Denique,
474 2420 675 2480 quisquis
696 2428 794 2467 erat
814 2421 974 2468 castris
982 2421 1220 2484 jugulatus
1242 2420 1449 2483 Achivis,

198 2508 203 2511 Α
282 2482 516 2547 Frigidius
531 2485 676 2547 glacie
695 2492 854 2548 pectus
871 2487 1063 2533 amantis
1085 2494 1195 2534 erat.

221 2549 317 2598 Sed
329 2551 448 2597 bene
460 2551 688 2599 consuluit
709 2557 835 2598 casto
858 2549 993 2598 Deus
1016 2566 1175 2612 aequus
1195 2553 1357 2602 amori.

287 2614 441 2662 Versa
460 2624 532 2663 est
552 2617 599 2662 in
622 2617 821 2663 cinerem
843 2617 1013 2679 sospite
1031 2615 1078 2663 T
1079 2618 1175 2680 roJa
1192 2618 1307 2666 viro.

221 2679 434 2742 Argolici
457 2681 628 2728 rediere
640 2682 808 2734 duces:
848 2681 1007 2730 altaria
1025 2682 1228 2729 fumant:

289 2743 485 2794 Ponitur
506 2746 563 2796 ad
581 2748 754 2810 patrios
772 2747 961 2796 barbara
979 2748 1134 2813 praeda
1155 2746 1305 2795 Deos.

224 2824 333 2860 von.
358 2825 390 2858 1.
1093 2821 1108 2832 ·
1163 2828 1192 2858 B
