1867 2942
339 156 438 200 252
569 116 580 125 ’
679 150 735 201 P.
768 120 1019 200 ovmn‘
1032 149 1327 200 NASONIS
1375 182 1385 191 .
1436 157 1443 162 ·

342 281 577 345 Exiguum
600 280 775 329 summa
797 283 964 330 nodum
988 282 1069 329 sibi
1084 281 1241 330 *fronte
1264 280 1468 343 relinqui,

411 346 481 394 Ut
499 354 680 411 pateant
702 362 842 402 aures,
867 362 948 394 ora
969 348 1160 394 rotunda
1179 347 1353 395 volunt.
1576 349 1681 392 140

342 411 548 459 Alterius
570 414 715 459 crines
737 413 923 459 humero
935 413 1168 475 jactentur
1189 419 1392 474 utroque.

404 475 532 524 Talis
553 492 602 523 es
623 475 838 531 adsuth
865 476 1039 523 Phoebe
1060 492 1236 532 canore,
1256 475 1369 538 lyra.

343 539 512 588 Altera-
524 543 765 588 succinctae
787 540 1004 602 religetur
1025 548 1151 588 m'ore
1172 541 1355 596 Dianae,

412 605 481 652 Ut
503 605 629 659 solet,
653 607 864 652 attonitas
886 607 991 651 cbm
1012 606 1125 667 petit
1144 606 1221 652 illa
1239 605 1372 653 feras.

343 669 470 729 Huic
492 672 619 718 decet
638 669 817 717 inflatos
836 667 940 716 laxe
952 671 1151 732 jacuisse
1170 668 1379 732 capillost

408 734 494 783 Illa
516 736 574 782 sit
595 735 816 781 adstrictis
835 735 1116 796 impedienda
1137 736 1292 782 comis.

337 799 482 847 Hanc
503 803 648 862 placet
670 800 828 846 ornari.
839 799 1065 845 testudine
1088 796 1333 859 Cyllenea:

409 865 638 913 Sustineat
660 864 826 911 similes
845 862 1055 910 fluctibus
1076 864 1154 910 illa
1173 865 1312 911 sinus.

344 930 435 979 Sed
457 945 600 991 neque
621 925 796 977 ramosa
817 928 1071 974 numerabis
1091 929 1138 975 in
1160 929 1261 975 ilice
1281 928 1501 991 glandes3

407 995 510 1042 Nec
530 1002 640 1057 quot
662 1001 772 1056 apes'
789 991 958 1054 Hyble,
973 1008 1057 1039 nec
1072 1001 1181 1053 quot
1193 994 1239 1040 in
1257 992 1377 1055 Alpe
1397 992 1538 1052 ἶπες
1574 993 1673 1040 150

340 1058 444 1108 Nec
465 1061 574 1107 mibi
596 1067 664 1106 tot
684 1059 856 1121 positus
877 1072 1066 1104 numero
1087 1057 1406 1120 comprendere
1423 1057 1495 1107 fus
1516 1065 1606 1107 est.

406 1125 576 1188 Adjicit
598 1132 779 1170 ornatus
800 1124 1005 1185 proxima
1026 1138 1216 1186 quaeque
1237 1123 1344 1171 dies.

341 1189 409 1238 Et
428 1190 637 1252 neglecta
658 1190 786 1236 decet
807 1188 971 1235 multas
993 1202 1135 1235 coma.
1169 1187 1306 1250 Saepe
1315 1189 1473 1270 jacere

407 1253 683 1307 Hesternam
705 1253 882 1310 credas3
914 1253 993 1300 illa
1013 1269 1036 1298 r
1151 1254 1333 1300 a‘modo
1351 1266 1438 1300 est.

342 1320 436 1368 Ars
458 1335 609 1367 casum
633 1318 825 1366 simulet.
861 1319 938 1365 Sic
959 1325 1090 1380 capta
1109 1319 1222 1365 vidit
1242 1326 1293 1366 ut
1314 1318 1425 1366 ui-be

407 1385 591 1432 Alcides
614 1381 755 1438 Iolen,
783 1382 921 1430 Hanc
943 1399 1046 1445 ego,
1070 1384 1205 1439 dixin·
1219 1399 1336 1445 amo.

341 1448 502 1497 Talem
523 1456 570 1495 te
594 1448 813 1503 Bacchus,
838 1446 1014 1509 Satyris
1035 1449 1331 1496 clamantibus
1353 1447 1491 1503 Eune,

335 1538 340 1541 -
410 1513 602 1562 Sustulit
621 1515 668 1559 in
692 1527 860 1567 currus,
887 1514 1035 1579 Gnosi
1059 1515 1224 1570 relicta,
1250 1529 1371 1561 suos.

340 1579 385 1627 Ο
406 1586 621 1641 quantum
642 1578 848 1640 indulget
866 1586 1020 1626 vestro
1043 1578 1222 1626 Natura
1241 1579 1405 1634 decori,

407 1643 613 1699 Quarum
635 1650 742 1691 sunt
762 1644 1100 1692 multis‘damna
1118 1645 1282 1706 pianda
1301 1642 1477 1692 modis!
1569 1644 1668 1689 160

339 1708 446 1757 Nos
464 1705 583 1757 male
603 1709 867 1770 detegimur,
889 1709 1091 1771 raptique
1114 1716 1248 1757 aetate
1268 1709 1428 1772 capilli.

406 1774 476 1821 Ut
497 1773 649 1821 Borea
667 1773 849 1821 frondes
870 1775 1140 1829 excutiente,
1165 1776 1345 1821 cadunt.

341 1838 533 1887 Femina
554 1839 761 1886 canitiem
786 1839 1030 1885 Germanis
1050 1838 1194 1885 inficit
1214 1840 1362 1886 herbis
1379 1856 1396 1897 ς

343 1932 346 1937 ·
404 1904 472 1951 Et
493 1904 651 1951 melior
671 1918 778 1950 vero
798 1904 1013 1963 quaeritur
1033 1911 1130 1951 arte
1151 1904 1287 1951 color.

340 1968 530 2018 Femina
550 1968 750 2031 procedit
771 1967 1034 2015 densissima
1054 1969 1251 2016 crinibus
1271 1969 1437 2027 emtis;

408 2033 588 2094 Proque
604 2034 696 2080 suis
716 2032 829 2079 alios
850 2033 987 2080 efficit
1009 2047 1100 2080 aere
1121 2049 1241 2081 suos.

340 2098 444 2146 Nec
466 2100 599 2146 rubor
620 2105 690 2145 est
710 2098 874 2144 emisse
891 2096 1054 2160 palam.
1092 2097 1261 2146 Venire
1280 2099 1487 2145 videmus

335 2206 340 2211 .
407 2163 623 2211 Herculis
642 2170 748 2210 ante
768 2162 937 2217 oculos,
962 2162 1322 2226 Virgineumque
1342 2164 1546 2210 chorum.

343 2229 469 2284 Quid
491 2230 546 2275 de
567 2234 695 2275 veste
715 2227 907 2288 loquar?
940 2243 1025 2274 nec
1046 2245 1143 2284 vos,
1168 2235 1418 2291 segmenta,
1440 2228 1644 2291 requirog

405 2293 509 2341 Nec
530 2308 632 2355 quae
651 2294 721 2340 bis
740 2291 885 2353 Tyrio
906 2293 1078 2340 murice
1096 2294 1201 2340 lana
1220 2294 1368 2340 rubes.
1569 2295 1669 2340 170

343 2357 463 2408 Cum
487 2365 555 2404 tot
576 2359 819 2420 prodierint
839 2358 985 2419 pretio
1003 2358 1175 2405 leuiore
1196 2358 1401 2415 colores3
1642 2364 1655 2375 ⁶

408 2422 527 2477 Quis
547 2421 672 2469 furor
692 2429 774 2476 est,
797 2438 960 2469 census
981 2437 1169 2484 corpore
1187 2423 1306 2470 ferre
1326 2438 1410 2469 suo
1424 2422 1449 2468 ἲ

337 2486 479 2533 A‘etis
500 2500 606 2532 ecce
628 2486 762 2540 color,
786 2492 883 2533 tum
907 2483 1010 2533 cum
1034 2488 1131 2534 sine
1152 2488 1341 2534 nubibus
1362 2487 1453 2542 ἔιέτ,

395 2549 511 2609 ¹Nee
532 2550 705 2610 tepidus
725 2551 901 2612 pluvias
922 2552 1118 2599 concitat
1140 2551 1311 2599 Auster
1329 2566 1486 2613 aquas.

341 2611 470 2661 Ecce
493 2612 570 2659 tibi
592 2613 760 2667 similis,
782 2616 860 2675 qui
883 2616 1108 2676 quondam
1133 2614 1354 2677 Phryxou
1375 2620 1425 2664 et
1448 2613 1627 2665 Hellen
1652 2618 1661 2627 ’”

407 2674 589 2723 Diceris
612 2674 740 2723 Inois
760 2679 974 2742 eripuisse
994 2679 1122 2728 dolis.
1144 2686 1157 2725 .“
1408 2700 1411 2703 ·
