1867 2942
510 171 882 227 Ennomus.
896 124 915 137 ο
937 172 1098 225 Em.
1121 171 1265 223 XIV.
1466 176 1530 223 5⁷

198 302 307 361 lue.
329 305 480 354 ferens
498 307 697 355 dominae
715 307 927 354 mandata
946 307 1145 361 recentia
1163 320 1331 362 secum,

273 368 505 433 Pugnabit
523 369 668 427 caute,
692 373 988 434 respicietque
1009 372 1206 418 domum.

201 432 371 485 Exuet.
387 437 487 484 haec
508 437 660 485 reduci
681 437 903 499 clypeum,
926 436 1195 499 galeamque
1214 435 1424 490 resolvet,

271 499 575 563 Excipietque
595 517 678 550 suo
697 509 883 564 pectora
901 500 1021 548 lassa
1042 502 1157 548 sinu.

198 562 311 613 Nos
333 581 488 613 sumus
508 567 725 614 incertaet
765 582 851 613 nos
871 567 1034 614 anxius
1054 565 1207 613 omnia
1226 564 1366 628 cogit,

272 628 395 685 Quae
414 638 603 693 possunt
622 630 732 687 fieri,
752 630 873 678 facta
889 638 1051 694 putare
1070 632 1219 677 timor.
1436 630 1535 677 150

197 692 341 743 Dum
359 702 511 741 tamen
531 710 657 742 arma
676 710 809 757 geres
829 696 1009 743 diverso
1030 695 1161 742 miles
1180 695 1230 740 in
1250 693 1373 751 orbe,

271 758 394 812 Quae
417 759 579 807 referat
597 761 751 807 vultus
772 767 842 807 est
860 761 972 806 mihi
993 775 1097 807 cera
1116 766 1236 807 tuos.

197 820 281 870 Illi
302 824 550 881 blanditias.
572 826 638 872 illi
658 826 740 872 tibi
760 825 909 872 debita
927 821 1066 871 verba

269 887 484 936 Dicimus
503 908 516 936 z
554 891 787 951 amplexus
807 890 969 952 accipit
987 889 1067 936 illa
1086 902 1228 935 meos.
1409 922 1418 931 .

203 949 361 1007 Crede
381 953 520 1011 mihi3
552 955 656 1016 plus
678 960 761 1010 est,
783 951 918 1014 quam
939 954 1061 1013 quod
1080 952 1299 1010 videatur,
1320 951 1489 1015 imago.
1519 989 1524 995 .

267 1016 406 1064 Adde
427 1033 589 1066 sonum
612 1033 758 1075 cerae3
794 1018 1071 1066 Protesilaus
1091 1018 1192 1064 erit.

198 1079 347 1130 Hane
362 1090 535 1145 specto,
559 1091 783 1144 teneoque
801 1086 916 1139 sinu,
938 1098 1023 1145 pro
1044 1084 1239 1147 conjuge
1258 1097 1370 1129 vero
1383 1099 1399 1129 z

268 1146 351 1202 Et,
372 1155 603 1209 tamquam
622 1149 766 1209 possit
785 1150 923 1196 verba
943 1147 1122 1203 referre,
1144 1162 1325 1208 queror.

199 1209 301 1260 Per
322 1212 503 1268 reditus,
526 1228 776 1274 corpusque
795 1220 939 1268 tuum,
961 1228 1064 1259 mea
1084 1212 1283 1268 numina,
1293 1213 1435 1275 juro;

269 1275 450 1338 Perque
469 1292 600 1340 pares
620 1279 757 1325 animi
779 1279 1068 1341 conjugiique
1086 1276 1239 1333 faces3
1429 1279 1532 1323 160

197 1340 402 1403 Perque,
422 1340 544 1403 quod
564 1349 616 1390 ut
636 1343 815 1391 videam
837 1344 963 1390 canis
984 1342 1132 1389 albere
1152 1338 1340 1402 capillis,

271 1406 413 1460 Quod
432 1414 580 1454 tecum
600 1408 748 1470 possis
767 1408 865 1470 ipse
885 1406 1064 1461 referre,
1088 1410 1253 1467 caput3

198 1471 295 1522 Me
316 1471 396 1519 tibi
416 1479 653 1521 venturam
676 1473 901 1527 comitem,
924 1471 1209 1532 qu6cumque
1228 1466 1404 1517 vocaris
1416 1485 1432 1516 ι

271 1536 399 1592 sive,
419 1537 565 1601 (quod
584 1538 674 1585 heu
695 1537 833 1584 timeo
851 1535 889 1597 ἱ)
914 1537 1012 1584 sive
1033 1541 1260 1598 superstes
1279 1534 1383 1583 eris.

201 1600 388 1655 Ultima
405 1601 619 1649 mandato
640 1602 870 1649 claudetur
890 1601 1080 1664 epistola
1096 1615 1267 1665 μῖνος

268 1665 327 1716 Si
346 1667 427 1720 tibi
446 1681 556 1716 cura
574 1668 678 1724 mei,
702 1668 762 1716 sit
782 1667 861 1716 tibi
880 1682 994 1717 cura
1012 1667 1095 1715 tui.

614 1862 955 1914 EPISTOLA
987 1861 1130 1912 XIV.

556 2006 950 2042 mmmmm
983 2007 1081 2041 nm
1082 2005 1187 2040 010.

204 2121 395 2173 an·
417 2120 782 2186 Hypermnestra
802 2125 860 2172 de
878 2130 951 2172 tot
970 2118 1107 2171 modd
1125 2119 1336 2169 fratribus
1355 2118 1460 2168 uni!

275 2185 445 2237 Cetera
464 2196 704 2251 nuptarum
725 2189 1064 2237 crimineturba
1072 2189 1212 2251 jacet.

208 2251 384 2304 Clausa
403 2254 540 2301 dmno
561 2261 732 2311 teneor,
754 2256 1055 2319 gravibusque
1075 2251 1270 2300 co'ercita
1287 2248 1468 2296 vinclis.

276 2317 366 2367 Est
386 2319 497 2365 mihi
517 2320 720 2382 supplicii
742 2335 912 2374 caussa,
933 2320 1074 2368 fuisse
1092 2319 1228 2380 piam.
1427 2345 1436 2354 -

206 2379 353 2440 Quod
373 2398 536 2431 manus
556 2385 766 2432 extimuit
777 2386 945 2449 jugulo
966 2384 1205 2431 demittere
1223 2379 1408 2433 ferrum,
1503 2388 1511 2393 ·

276 2447 390 2496 Sum
412 2464 515 2497 reat
552 2449 768 2505 laudarer,
793 2452 830 2498 si
853 2450 1000 2498 scelus
1022 2462 1134 2495 ausa
1147 2445 1310 2493 sorem·

207 2512 335 2563 Esse
356 2527 478 2560 ream
498 2522 699 2576 praestat,
721 2513 853 2575 quam
877 2516 944 2561 sic
962 2512 1187 2576 placuisse
1204 2506 1394 2573 parenti.
1493 2522 1520 2556 .·

275 2576 390 2624 Non
410 2578 538 2641 piget
557 2580 783 2626 immunes
803 2579 945 2626 caedis
964 2579 1129 2626 habere
1147 2589 1324 2624 manus.

211 2641 302 2697 ΜΘ
320 2649 448 2704 pater
466 2644 577 2707 igne
595 2639 720 2700 licet,
740 2658 876 2706 quem
895 2658 990 2691 non
1009 2641 1292 2695 violavimus.
1314 2643 1416 2686 urat
1426 2652 1444 2694 3
1489 2656 1494 2659 ·

279 2706 492 2775 Quaeque
511 2709 701 2760 aderant
718 2710 872 2768 sactis,
894 2708 1054 2758 tendat
1072 2708 1122 2756 iu
1142 2722 1223 2757 ora
1240 2704 1392 2762 saccas
1475 2702 1542 2746 10
