1867 2942
326 129 424 180 172
656 127 711 176 P.
744 124 977 176 ovum
1006 124 1321 176 NASONIS·
1394 149 1397 152 ·

322 253 469 303 Tacta
488 263 639 308 tamen
659 256 800 305 veluti
818 254 972 319 gelida
989 271 1092 308 mea
1111 258 1309 304 membra
1329 255 1493 316 cicuti.

314 319 1291 450 ,τῑῖξὲἑῖἒὲἲῖἷέὲζῖἶξὲιΐῆωὲῗ
1298 386 1501 447 pondus.

388 448 492 496 Nec
514 451 622 498 satis
641 458 851 498 exactum
872 458 956 505 est,
978 466 1138 513 corpus
1160 466 1219 498 an
1239 451 1394 497 umbra
1412 451 1580 497 forem.

326 513 447 567 Quae
467 516 575 562 mihi
595 524 786 563 ventura
805 523 875 563 est
897 516 1139 578 (siquidem
1161 513 1371 576 ventura)
1393 522 1627 569 senectus,

389 576 510 627 cum
533 580 647 626 desit
667 581 865 628 numeris
885 581 983 659 ipsa
992 583 1184 642 Juventa
1204 581 1298 626 suis
1310 578 1333 624 ἲ

325 642 563 755 Ahffudet
582 644 829 692 annorum!
865 642 957 706 quo
977 660 1053 691 me
1064 645 1373 721 juvenemque
1391 645 1651 706 virumque,

439 724 492 755 ec
505 724 734 771 juvenem,
757 724 841 756 nec
862 725 937 756 me
958 710 1098 756 sensit
1117 709 1261 755 amica
1281 709 1441 756 virum.
1581 713 1650 755 20

324 772 403 820 Sic
423 772 626 827 flunmas
647 774 819 821 aditura
836 775 934 836 pias
956 781 1124 820 aeterna
1144 773 1353 820 sacerdos

390 837 558 901 Surgit,
581 847 628 885 et
648 836 676 885 a
694 845 799 886 caro
816 838 957 885 fratre
975 838 1173 885 verenda
1192 852 1333 885 soror.

323 901 393 949 At
414 918 554 965 nuper
573 904 641 951 bis
662 903 780 950 flava
802 902 976 956 Chlide,
999 909 1070 948 ter
1091 902 1278 950 candida
1297 901 1448 958 Pitho,

387 966 481 1014 Ter
503 966 641 1016 Libas
659 968 806 1016 officio
828 969 1089 1015 continuata
1107 982 1224 1014 meo.

324 1018 531 1094 Exigere
550 1029 578 1078 a
600 1034 727 1079 nobis
747 1030 942 1095 angusta
961 1037 1095 1078 nocte
1117 1030 1377 1086 Corinnam,

387 1096 474 1144 Me
493 1097 682 1144 memini
698 1112 909 1144 numeros
929 1097 1194 1144 sustinuisse
1214 1111 1393 1144 novem.

323 1160 452 1208 Num
474 1176 576 1208 mea
596 1161 856 1209 Thessalico
875 1162 1094 1224 languent
1113 1161 1276 1209 devota
1293 1176 1473 1210 veneno

389 1224 623 1288 Corpora?
656 1242 764 1274 num
785 1227 951 1275 misero
972 1240 1154 1274 carmen
1173 1233 1222 1273 et
1240 1226 1377 1273 herba
1397 1224 1601 1274 nocent?

323 1290 502 1353 Sagave
524 1290 752 1340 Poeniees„
760 1291 915 1339 defixit
935 1292 1118 1339 nomina
1138 1290 1252 1346 cera,

388 1355 455 1402 Et
475 1356 670 1402 medium
691 1364 851 1404 tenues
870 1357 917 1403 in
930 1357 1064 1418 jecur
1084 1357 1182 1418 egit
1201 1355 1339 1403 acus?
1576 1358 1651 1402 ³0

324 1417 538 1468 Carmine
557 1421 666 1468 laesa
688 1419 831 1469 Ceres
851 1422 1050 1470 sterilem
1071 1422 1274 1469 vanescit
1292 1421 1342 1468 in
1361 1421 1575 1468 herbam·

387 1483 621 1531 Deficiunt
642 1486 737 1532 laesi
759 1487 959 1533 carmine
976 1486 1118 1533 fontis
1139 1501 1299 1547 aquae3

322 1547 506 1596 Ilicibus
522 1549 728 1612 glandes,
750 1558 1017 1618 cantataque
1036 1550 1201 1598 vitibus
1222 1565 1313 1598 uva

385 1613 599 1671 Decidit;
631 1622 679 1663 et
699 1614 824 1662 nullo
843 1631 980 1679 poma
999 1622 1212 1663 movente
1231 1614 1393 1662 fluunt.

321 1677 448 1734 Quid
467 1687 591 1728 vetat
609 1687 659 1727 et
678 1694 843 1727 nervos
863 1681 1065 1743 magicas
1085 1687 1262 1743 torpere
1281 1695 1364 1741 per
1381 1678 1536 1727 artes?

385 1743 595 1792 Forsitan
616 1745 852 1807 impatiens
873 1746 933 1792 sit
953 1744 1071 1792 latus
1093 1744 1198 1791 inde
1219 1758 1385 1791 meum.

322 1808 434 1856 Huc
456 1811 598 1872 pudor
618 1810 838 1857 accessit.
870 1809 979 1856 facti
999 1809 1175 1872 pudor
1160 1824 1258 1872 lpse
1279 1809 1495 1858 nocebat·

387 1872 474 1921 Ille
492 1874 578 1921 fuit
597 1874 695 1920 vitii
715 1889 872 1921 caussa
892 1874 1088 1921 secunda
1107 1875 1212 1920 mei.

322 1937 391 1986 At
412 1940 588 2001 qualem
608 1939 700 1996 vidi
720 1937 896 1986 tantum
918 1938 1137 2015 tetigique
1158 1938 1375 2000 puellam,-

389 2004 465 2052 Sic
486 2005 620 2051 etiam
641 1993 793 2050 tunica
811 2004 1013 2066 tangitur
1031 2005 1128 2065 ipsa
1146 2002 1242 2056 sua.
1581 2007 1653 2051 40
1734 2059 1745 2066 „

322 2065 453 2116 Illius
472 2070 540 2116 sd
550 2075 721 2116 tactum
745 2067 935 2130 Pylius
914 2083 1214 2130 juvenescere
1230 2069 1387 2131 possit,

386 2132 700 2193 Tithonosque
719 2135 848 2180 annis
866 2133 1027 2180 fortior
1048 2149 1148 2181 esse
1170 2135 1278 2180 suis.

324 2196 447 2246 Haec
467 2199 575 2245 mihi
597 2199 879 2261 contigerat3
914 2198 994 2245 sed
1016 2199 1085 2244 vir
1106 2214 1198 2246 non
1220 2197 1412 2260 contigit
1432 2197 1514 2244 illi.

390 2263 518 2318 Quas
539 2279 659 2310 nunc
680 2264 926 2325 concipiam
948 2278 1029 2326 per
1049 2278 1171 2310 nova
1190 2271 1298 2310 vota
1315 2261 1506 2325 preces?

326 2325 477 2376 Credo
498 2329 631 2376 etiam
652 2343 855 2390 magnos,
878 2344 968 2405 quo
990 2343 1091 2375 sum
1113 2335 1204 2375 tam
1225 2329 1414 2391 turpiter
1434 2342 1559 2382 usus.

390 2391 600 2439 Muneris
620 2393 756 2439 oblati
776 2393 1040 2469 poenituisse
1061 2391 1207 2439 Deos.

563 2454 688 2503 certe
710 2458 876 2518 recipi3
910 2472 1011 2505 sum
1019 2471 1194 2533 nempe
1213 2461 1444 2518 receptus.

389 2518 559 2565 Oscula
579 2519 723 2577 ferre3
756 2521 865 2568 tuli.
902 2522 1135 2601 proximus
1155 2537 1286 2578 esse,
1314 2519 1397 2566 fui.

326 2578 436 2636 Qua
456 2583 565 2629 mihi
584 2583 780 2631 fortunae
800 2585 1013 2632 tantum?
1046 2582 1136 2646 qud
1157 2583 1563 2648 regnasineusu?

391 2644 526 2702 Quid,
550 2648 640 2724 nisi
655 2648 833 2708 possedi
853 2649 981 2698 dives
1000 2665 1176 2705 avarus,
1198 2646 1343 2713 opu?
1584 2651 1658 2700 50
