1867 2942
317 138 416 195 246
654 131 710 181 P.
743 93 978 181 ovimt
1010 122 1310 177 NAsoms

316 263 429 313 Non
452 265 549 313 avis
570 264 813 325 aucupibus
831 220 1073 315 monstras
1090 255 1179 321 qua
1197 262 1324 320 parte
1342 258 1529 316 petatur
1548 267 1562 297 =

381 328 492 377 Non
514 331 645 376 docet
664 328 851 376 infestas
872 341 1050 374 currere
1070 338 1206 371 cerva
1225 334 1374 368 canes·
1556 314 1661 362 670

315 393 494 442 Viderit
514 392 714 450 utilita6;
746 394 971 455 prae'cepta
987 390 1179 436 fideliter
1198 387 1341 434 edam.

382 459 611 507 Lemniasi
631 459 804 521 gladios
825 459 874 503 in
895 471 999 503 mea
1016 454 1111 501 fata
1132 454 1258 500 dabo.

313 523 497 573 Efficite
520 525 589 587 (et
608 523 737 571 facile
758 521 849 581 est)
872 528 925 569 ut
947 536 1030 567 nos
1051 519 1284 565 credamus
1305 513 1476 561 amari:

381 588 533 637 Prona
552 589 682 636 venit
699 588 869 650 cupidis
888 589 935 633 in
961 600 1042 641 sua
1061 591 1171 631 vota
1190 581 1316 628 fides.

315 654 498 717 Spectet
518 650 749 700 mabilids
760 654 977 716 juvenem
994 667 1010 707 ;
1045 649 1238 710 suspiret
1257 646 1312 693 ab
1330 644 1426 690 imo

378 718 601 776 Femina3
634 726 728 765 tam
750 714 852 765 serd
873 730 954 763 cur
973 715 1215 773 veniatque
1234 715 1382 770 roget.

315 784 551 831 Accedant
569 784 779 837 lact-ium,
803 782 932 829 dolor
951 788 1000 827 et
1020 780 1078 826 de
1094 777 1255 840 pellice
1272 774 1406 821 fietus
1415 787 1434 828 ;

378 848 445 897 Et
465 849 605 896 laniet
623 848 777 909 digitis
793 848 917 894 illius
935 860 1017 893 ora
1037 845 1145 891 suis.

245 932 250 941 ¹
313 913 587 963 Jamdudum
608 928 848 975 persuasus
867 913 987 969 erit;
1020 909 1300 956 niiserelimr
1318 905 1441 954 ultro
1453 919 1468 950 z

378 979 445 1026 Et
465 980 594 1033 dicet,
622 975 747 1027 Curi
768 978 965 1039 carpitur
980 975 1194 1023 ista-mei.
1548 967 1654 1015 ⁶80

317 1040 566 1107 Praecipue,
591 1044 628 1089 si
650 1043 799 1090 mltus
819 1043 916 1096 erit,
941 1041 1212 1103 speculoque
1226 1036 1436 1101 placebit,

381 1108 524 1157 Posse
547 1125 629 1155 suo
648 1109 776 1170 tangi
798 1107 951 1154 credet
970 1121 1124 1153 amore
1144 1104 1287 1151 Dess-

316 1174 408 1222 Sed
428 1181 487 1228 te,
509 1189 804 1236 quaecumque
824 1187 887 1226 es,
910 1168 1144 1218 moderate
1164 1170 1332 1232 injuria»
1344 1168 1525 1225 turbetg

377 1237 486 1285 Neu
510 1239 571 1285 sis
591 1237 742 1285 audita
759 1236 919 1300 pellice
940 1236 1106 1283 mentis
1123 1236 1270 1297 inops.

313 1302 418 1351 Nec
439 1300 529 1359 cit&
550 1303 801 1350 credideris.
847 1302 1083 1356 Quantum
1106 1297 1198 1346 citd
1218 1299 1398 1346 credere
1415 1297 1572 1354 laedat5

376 1367 651 1429 Exemplum
673 1368 802 1415 vobis
823 1381 915 1414 non
934 1367 1038 1413 leve
1060 1365 1243 1412 Procris
1263 1364 1361 1411 erit.

314 1432 406 1481 Est
424 1448 563 1494 prope
582 1447 829 1494 purpureos
852 1431 992 1478 colles
1012 1430 1216 1478 florentis
1240 1427 1469 1491 Hymetti

363 1496 503 1545 =Fons
524 1511 663 1551 sacer,
686 1504 733 1543 et
754 1498 884 1544 viridi
905 1497 1076 1558 cespite
1096 1495 1245 1542 mollis
1265 1496 1444 1543 humus.

314 1562 441 1610 Silva
459 1576 619 1608 nemus
639 1576 733 1609 non
756 1562 848 1609 alta
865 1561 1000 1608 facit:
1037 1562 1155 1623 tegit
1175 1561 1357 1607 arbutus
1378 1558 1592 1606 herbam:

377 1626 477 1675 Ros
497 1628 647 1683 maris,
669 1636 717 1674 et
735 1627 862 1682 lauri,
886 1628 1107 1688 nigraque
1127 1633 1306 1687 myrtus
1327 1623 1464 1671 olent.
1538 1627 1647 1671 690

309 1691 416 1741 Nec
437 1693 590 1740 densae
608 1692 729 1740 foliis
746 1693 869 1747 buxi,
888 1691 1163 1753 fragilesque
1180 1690 1382 1751 myrieoe,

374 1755 479 1804 Nec
499 1766 658 1805 tenues
678 1758 824 1819 cytisi,
847 1757 1056 1817 miltaque
1074 1757 1209 1818 pinus
1224 1755 1368 1802 abest.

310 1820 513 1870 Lenibus
532 1823 738 1885 impulsae
759 1822 994 1884 Zephyris,
1016 1819 1217 1882 auraque
1236 1821 1414 1875 salubri,

374 1886 470 1934 Tot
488 1902 707 1950 generum
726 1887 922 1941 stondes,
945 1887 1171 1947 hetbmue
1193 1900 1371 1948 summa
1389 1890 1610 1932 tremunt.

313 1952 459 2005 Grata
478 1953 604 2013 quies
627 1950 844 2014 Cephalo.
890 1951 1094 1998 Famulis
1115 1951 1389 2011 canibusque
1406 1948 1577 1997 relictis

376 2015 547 2064 Lassus
568 2018 616 2063 in
637 2014 726 2063 hac
734 2018 916 2079 ¹iuvenis
939 2030 1061 2078 saepe
1082 2016 1248 2063 resedit
1266 2017 1421 2062 humo.

311 2080 507 2144 Quoque
525 2096 654 2129 meos
673 2082 848 2128 releves
870 2087 1023 2136 aestus,
1046 2088 1229 2128 cantare
1248 2080 1431 2135 solebat,

312 2144 318 2150 '
374 2145 651 2209 Accipienda
669 2147 785 2201 sinu,
806 2147 986 2193 mobilis
1007 2145 1148 2201 Aura,
1170 2146 1292 2192 veni.

311 2210 535 2274 conjugis
556 2211 613 2258 ad
632 2210 812 2258 timidas
831 2211 991 2274 aliquis
1011 2207 1132 2257 male
1152 2210 1335 2257 sedulus
1355 2223 1488 2257 aures
1522 2242 1532 2257 .
1628 2200 1641 2207 ”

377 2276 574 2323 Auditos
592 2276 782 2324 memori
803 2276 965 2323 detulit
985 2292 1064 2323 ore
1086 2289 1238 2323 sonos.
1542 2274 1648 2322 ⁷00

262 2362 266 2366 ·
311 2339 492 2388 Procris
514 2347 565 2387 ut
586 2342 757 2403 accepit
779 2355 958 2395 nomen,
982 2341 1109 2401 quasi
1129 2339 1314 2402 pellicis,
1337 2338 1516 2397 Auroe3

376 2403 590 2451 Excidit:
630 2412 679 2451 et
699 2405 846 2453 subito
867 2410 996 2452 muta
1015 2404 1172 2451 dolore
1189 2404 1292 2450 fuit.
1362 2408 1365 2411 ’

310 2466 490 2521 Palluit,
514 2474 567 2514 ut
581 2482 713 2523 serae,
734 2469 866 2516 lectis
886 2470 945 2515 de
962 2470 1059 2515 vite
1070 2469 1282 2523 -raeemis,

374 2529 636 2579 Pallescunt
653 2532 849 2588 frondes,
870 2548 982 2595 quas
1002 2547 1122 2580 nova
1141 2533 1262 2580 loesit
1279 2532 1439 2579 hiesus.

311 2593 519 2655 Quseque
539 2609 647 2643 suos
666 2605 857 2645 curvant
875 2604 1054 2644 mantra
1072 2597 1268 2659 cydonia
1285 2610 1471 2653 remon

375 2654 617 2719 Cornaque
635 2659 1082 2710 adhucnostxisnon
1102 2659 1482 2725 satisaptseihis.
