1867 2942
623 146 794 204 NUX,
828 144 1111 197 ELEGIA.
1439 151 1537 195 299

207 276 278 325 At
299 291 393 325 non
413 275 629 325 illeDeus
649 293 807 340 pacem
829 279 949 326 intra
970 279 1141 329 moenIa
1159 277 1280 326 finit:

276 342 514 390 Auxilium
536 349 634 390 toto
657 344 828 406 spargit
849 344 897 391 in
920 344 1029 391 orbe
1051 359 1198 391 suum.

210 406 339 464 Quid
359 415 514 455 tamen
534 409 621 455 hoe
640 409 836 471 prodest,
859 407 1009 455 medi&
1030 410 1067 455 si
1088 410 1192 456 luce
1210 406 1447 470 palamque

276 472 519 528 verberor,
541 481 589 520 et
609 481 722 521 tutae
743 489 836 520 non
855 474 965 521 licet
984 490 1085 522 esse
1106 475 1217 521 mihi
1231 473 1256 518 ’ἒ

209 535 344 600 Ergo
368 553 452 585 nec
473 538 604 585 nidos
624 538 743 586 foliis
764 540 952 594 haerere,
976 553 1061 586 nee
1083 539 1223 586 ullam

282 603 471 651 Sedibus
492 605 539 651 in
562 604 728 650 nostris
750 610 869 651 stare
888 605 1052 651 videtis
1074 619 1222 652 avem.
1453 603 1548 650 150

213 668 284 717 At
304 668 430 731 lapis,
452 670 499 716 in
523 684 650 715 ramo
676 670 790 735 sedit
811 669 1084 731 quicumque
1103 669 1291 726 bifurco,

279 732 459 790 Haeret,
481 741 530 781 et
549 741 602 781 ut
622 731 754 796 capt&
773 734 921 781 victor
940 735 988 780 in
1010 749 1113 781 arce
1134 745 1302 781 manet.

214 795 384 848 Cetera
406 814 530 862 saepe
549 806 702 847 tamen
721 805 911 863 potuere
933 799 1129 846 admissa
1150 800 1321 863 negari,

280 863 349 912 Et
370 864 541 913 crimen
564 879 662 911 nox
680 871 750 913 est
771 863 968 912 inficiata
990 879 1137 913 suum.

212 928 393 978 Nostra
413 935 541 977 notat
559 928 690 977 fusco
713 930 879 992 digitos
899 929 1063 993 injuria
1084 945 1235 986 succo,

281 993 469 1043 Cortice
489 1001 721 1042 contactas
742 993 970 1041 inficiente
991 1010 1168 1042 manus.

209 1057 306 1108 Ille
324 1075 459 1107 cruor
480 1075 609 1106 meus
630 1066 731 1108 est:
769 1060 850 1107 sslo
871 1059 1095 1107 maculata
1115 1074 1276 1107 cruore

279 1124 393 1173 Non
412 1124 673 1188 profectura
694 1125 853 1173 dextra
871 1125 1050 1172 lavatur
1072 1124 1203 1187 aquai.

211 1189 263 1239 Ο
284 1206 388 1252 ego,
412 1188 516 1237 cum
538 1191 693 1253 longae
713 1198 938 1237 venerunt
960 1190 1096 1237 taedia
1113 1191 1239 1247 vitae‚
1519 1214 1545 1253 4

279 1255 446 1318 Optavi
467 1256 647 1318 quoties
668 1255 790 1303 arida
809 1255 930 1303 facta
950 1254 1092 1304 mori!
1190 1282 1197 1293 =
1456 1257 1552 1302 160

214 1319 386 1383 Optavi
402 1322 592 1382 quoties,
616 1327 693 1368 aut
714 1336 840 1369 caeco
860 1321 1040 1368 turbine
1059 1321 1192 1383 verti,

284 1385 384 1432 Aut
404 1386 553 1434 valido
574 1387 701 1434 missi
720 1386 922 1434 fulminis
943 1387 1054 1449 igne
1074 1384 1195 1449 peti!

215 1449 373 1512 Atque
394 1452 566 1501 utinam
589 1454 750 1500 subitae
772 1458 983 1515 raperent
1003 1468 1106 1499 mea
1125 1466 1263 1514 poma
1280 1448 1509 1514 procellae,

283 1515 377 1563 vel
395 1533 576 1581 possem
597 1516 773 1565 fructus
796 1525 1012 1565 excutere
1032 1516 1130 1579 ipsa
1150 1532 1294 1564 meos.

218 1581 311 1636 sic,
335 1582 412 1629 ubi
432 1583 633 1629 detracta
653 1590 725 1629 est
745 1581 773 1629 ὲ
794 1590 841 1629 te
860 1584 943 1629 tibi
966 1595 1125 1631 caussa
1144 1582 1314 1644 pericli,

287 1646 427 1702 Quod
449 1654 665 1708 superest,
688 1653 853 1701 tutum,
877 1645 1073 1696 Pontice
1093 1653 1256 1700 castor,
1278 1646 1430 1693 habes.

133 1770 136 1777 1
220 1710 348 1768 Quid
369 1710 480 1758 mihi
500 1718 611 1757 tunc
628 1711 765 1758 animi
786 1718 871 1766 est,
893 1714 1001 1759 cum
1023 1713 1161 1759 sumit
1182 1710 1275 1758 tela
1294 1710 1471 1769 viat-01³3
1528 1738 1533 1743 -

285 1775 443 1838 Atque
464 1775 608 1824 oculis
628 1775 778 1838 plagae
800 1776 995 1824 destinat
1016 1772 1124 1824 ante
1143 1774 1331 1824 locum?

220 1841 327 1893 Nec
347 1842 493 1890 vitare
512 1841 620 1889 licet
639 1849 766 1888 moto
785 1840 883 1889 fera
901 1842 1092 1889 verbera
1111 1848 1287 1897 trunco,

286 1905 441 1963 Quem
456 1908 541 1955 sub
557 1907 696 1954 humo
713 1907 839 1954 radix
859 1907 1099 1973 vinclaque
1118 1905 1251 1955 firma
1270 1912 1441 1955 tenent.
1463 1907 1560 1956 1⁷0

221 1968 431 2034 Corpora
448 1973 703 2035 praebemus
723 1972 897 2036 plagis:
938 1980 990 2020 ut
1011 1989 1133 2036 saepe
1156 1972 1347 2035 sagittis,

290 2035 412 2088 Com
435 2038 626 2101 populus
648 2039 847 2086 manicas
869 2039 1130 2100 deposuisse
1150 2044 1305 2085 vetat:

226 2100 359 2152 Utve
378 2117 568 2167 gravem
591 2104 790 2151 candens
812 2105 887 2151 ubi
908 2104 1008 2151 tolli
1029 2119 1170 2152 vacca
1190 2102 1402 2159 securim,

287 2167 388 2216 Aut
409 2169 572 2233 stringi
594 2169 764 2217 cultros
785 2170 833 2217 in
857 2185 941 2217 sua
961 2168 1080 2217 colla
1100 2169 1238 2217 videt.

223 2232 359 2296 Saepe
380 2249 506 2283 meas
526 2242 669 2282 vento
690 2234 877 2284 frondes
897 2235 1138 2283 tremuisse
1159 2232 1380 2298 putastisz

287 2299 381 2348 Sed
401 2308 549 2348 metus
569 2301 617 2348 in
640 2301 769 2349 nobis
792 2316 953 2349 caussa
973 2301 1185 2349 tremoris
1204 2307 1317 2349 erat.

217 2363 274 2412 Si
296 2365 458 2420 merui,
477 2366 722 2428 videorque
744 2383 943 2425 nocens;
977 2367 1198 2430 imponite
1217 2364 1429 2423 flammae,

286 2428 550 2493 Nosttnque
568 2430 760 2481 fumosis
782 2434 901 2481 urite
921 2434 1124 2483 membra
1142 2432 1273 2483 focis.

225 2495 278 2544 Si
299 2495 459 2551 merui,
483 2497 730 2559 videorque
750 2514 921 2547 nocens
940 2516 955 2557 ;
990 2499 1185 2549 excidite
1205 2497 1353 2546 ferro:

287 2557 357 2609 Et
376 2561 510 2609 liceat
531 2563 711 2612 miserae
733 2558 928 2613 dedecus
949 2581 1050 2613 esse
1071 2564 1227 2615 semel.
1471 2564 1565 2609 180

222 2624 273 2675 si
296 2640 382 2675 nec
404 2642 485 2679 cur
507 2643 625 2685 urar,
650 2644 735 2679 nec
757 2644 838 2679 cur
860 2632 1054 2687 excidat,
1078 2631 1280 2689 habetis;

284 2690 479 2744 Parcite.
513 2694 592 2745 Sic
612 2702 816 2760 coeptum
838 2695 1083 2761 perficiatis
1106 2698 1207 2751 itet.
