1867 2942
334 157 403 200 ss
677 153 734 229 r.
765 153 999 207 ovmn
1031 154 1332 207 NAsoms
1397 206 1410 214 .

338 280 435 330 Hei
455 282 594 333 mihi!
630 299 711 333 cur
729 286 881 335 animo
892 287 1044 349 juncti
1065 288 1339 337 secernimur
1359 290 1492 339 undis
1504 290 1543 352 1³,

404 347 601 411 Unaque
619 365 762 406 mens,
783 352 917 399 tellus
939 368 1031 399 non
1052 352 1186 399 habet
1207 369 1296 400 una
1314 354 1430 402 duos
1443 354 1469 400 ἲ

336 409 430 460 Vel
452 420 530 461 tua
549 430 624 462 me
647 415 816 472 Sestos,
839 417 913 463 vel
935 426 982 463 te
1003 433 1104 464 mea
1125 425 1274 465 sumat
1294 419 1486 480 Abydos
1504 437 1520 467 ι

400 476 519 526 Tam
541 487 619 527 tua
639 487 758 528 terra
777 482 899 537 mihi,
923 479 1056 543 quern
1078 483 1157 529 tibi
1179 490 1333 531 nostra
1351 485 1514 547 placet.

338 540 438 593 Cur
457 559 547 607 ego
568 545 828 601 confundor,
851 548 1026 608 quoties
1048 547 1332 595 confunditur
1353 565 1509 610 aequor
1524 549 1550 596 1³

405 606 504 658 Cur
524 611 632 658 mihi
655 626 813 658 caussa
831 611 959 667 levis,
978 620 1159 667 ventus,
1179 614 1335 668 obesse
1354 621 1506 677 potest
1521 614 1548 660 ἲ
1586 618 1689 664 130

315 671 444 724 'Jam
465 682 644 722 nostros
665 677 791 722 curvi
812 674 981 724 norunt
1000 678 1229 739 delphines
1244 694 1451 727 amores:

402 737 621 803 Ignotum
644 756 728 788 nec
749 757 823 789 me
843 742 1038 804 piscibus
1061 758 1160 789 esse
1180 758 1295 790 reor.

336 800 445 854 Jam
465 812 589 869 patet
609 807 786 854 attritus
807 808 1037 855 solitarum
1057 808 1188 854 limes
1208 823 1457 870 squarum3

403 869 516 918 Non
537 871 676 927 aliter,
699 870 843 921 multa
862 869 998 934 quem
1020 872 1094 919 via
1113 886 1266 935 pressa
1287 871 1402 923 rota.

340 932 483 995 Quod
501 936 611 984 mihi
632 953 726 985 non
746 946 877 993 esset,
901 939 987 984 nisi
1010 938 1073 984 sic
1094 938 1267 993 iterare,
1290 938 1506 1001 querebar
1522 956 1537 987 t

404 1001 474 1050 At
494 1015 615 1049 nunc
636 1017 717 1067 per
734 1011 898 1050 ventos
917 1005 1004 1050 hoc
1024 1019 1205 1064 quoque
1225 1004 1381 1052 deesse
1401 1020 1586 1066 queror.

339 1063 574 1114 Fluctibus
593 1066 844 1115 immodicis
864 1068 1214 1116 Athamantidos
1230 1085 1413 1131 aequora
1432 1076 1616 1129 canent.

405 1128 591 1191 Vixque
609 1140 764 1179 manet
783 1140 915 1195 portu
937 1140 1036 1180 tuta
1055 1134 1204 1180 carina
1226 1150 1323 1182 suo.

341 1193 452 1244 Hoc
473 1210 609 1251 mare,
632 1194 736 1243 cum
757 1195 952 1259 primum
974 1198 1030 1244 de
1053 1197 1246 1260 Virgine
1266 1200 1451 1248 nomina
1470 1197 1639 1256 mersi,
1661 1254 1672 1259 ,

407 1259 532 1315 Quae
552 1267 689 1316 tenet,
712 1270 782 1308 est
802 1270 998 1318 nactum,
1023 1263 1112 1310 tale
1133 1263 1273 1313 fuisse
1292 1272 1416 1327 puto.
1585 1270 1686 1314 140
1781 1254 1792 1265 ³

339 1323 409 1376 Et
426 1325 537 1373 satis
557 1323 720 1374 amissa
738 1327 864 1375 locus
885 1328 959 1374 hic
980 1327 1159 1376 infamis
1179 1329 1235 1376 ab
1258 1329 1398 1377 Helle
1420 1337 1521 1379 est:

408 1388 567 1451 thue
587 1392 695 1438 mihi
711 1401 876 1454 parcat,
901 1393 1086 1441 crimine
1103 1409 1268 1442 nomen
1290 1396 1435 1442 habet.

340 1453 532 1505 Invideo
556 1454 777 1518 Phryx03
811 1473 1048 1522 quenuper
1067 1458 1183 1507 freta
1203 1460 1349 1508 tristis.
1368 1467 1519 1509 tutum

405 1520 564 1569 Aurea
580 1521 785 1585 lanigero
805 1523 973 1571 vellere
991 1526 1119 1571 vexit
1139 1526 1252 1573 ovis-

338 1584 445 1635 Nec
466 1591 618 1634 tamen
640 1587 836 1636 officium
856 1590 1031 1652 pecoris
1052 1591 1236 1638 navisve
1258 1591 1465 1653 requiro:
1625 1607 1632 1611 ·
1651 1646 1660 1651 ,

407 1650 689 1708 Dummodo,
712 1669 822 1717 quas
844 1654 1009 1702 findam
1032 1671 1231 1718 corpore,
1254 1655 1417 1705 dentur
1438 1670 1587 1719 aquae·

340 1713 459 1764 Arte
478 1731 594 1780 egeo
615 1716 766 1766 nulla:
807 1718 886 1767 fiat
904 1716 1041 1767 modo
1062 1722 1191 1784 copia
1210 1722 1358 1779 nandi,

404 1779 551 1838 Idem,
573 1785 817 1847 navigium,
841 1785 1006 1840 navita,
1029 1794 1196 1842 vector,
1220 1802 1311 1834 ero.

342 1844 447 1895 Nec
463 1850 622 1909 sequar
637 1858 715 1897 aut
724 1849 932 1906 Helicen,
945 1859 1034 1906 aut,
1045 1849 1135 1913 quii
1141 1850 1294 1913 Tyros
1311 1851 1464 1909 utitur,
1474 1849 1681 1911 Arcton?

408 1911 595 1961 Publica
615 1931 708 1962 non
730 1924 856 1962 curat
876 1917 1023 1964 sidera
1043 1924 1197 1963 noster
1217 1932 1358 1964 amor.
1591 1921 1691 1965 150

340 1976 664 2027 Andromedan
685 1981 800 2028 alius
820 1988 1006 2044 spectet,
1029 1982 1252 2029 clarumve
1276 1980 1521 2038 Coronam,

408 2042 618 2105 Quaeque
639 2046 774 2092 micat
794 2046 946 2108 gelido
970 2045 1203 2095 Parrhasis
1228 2046 1353 2095 Ursa
1370 2048 1492 2110 polo.

341 2108 554 2163 Annibi,
578 2110 699 2171 quod
723 2109 916 2157 Perseus
940 2118 987 2158 et
1007 2127 1111 2158 cum
1133 2111 1252 2160 Jove
1272 2111 1408 2160 Liber
1430 2108 1653 2168 amir-unt,

408 2170 632 2221 Indicium
654 2175 799 2237 dubiae
820 2191 913 2222 non
935 2176 1082 2238 placet
1097 2193 1197 2224 esse
1216 2178 1318 2225 viae.

342 2236 435 2288 Est
454 2238 573 2286 aliud
586 2240 754 2296 lumen,
772 2238 915 2287 multo
938 2241 1047 2288 mihi
1069 2242 1234 2289 certius
1255 2243 1378 2301 istis;

408 2301 522 2350 Non
544 2304 629 2353 erit
649 2306 697 2353 in
719 2306 915 2352 tenebris
938 2321 1027 2367 quo
1049 2307 1165 2354 duce
1185 2315 1341 2355 noster
1362 2321 1504 2354 amor.

344 2364 456 2415 Hoc
477 2383 567 2431 ego
588 2370 695 2417 dum
716 2378 927 2434 spectem,
956 2369 1166 2428 Colchos,
1190 2380 1237 2420 et
1257 2373 1304 2420 in
1326 2373 1485 2420 ultima
1501 2369 1655 2427 Ponti,

412 2431 607 2494 Quaque
624 2436 742 2481 viam
763 2434 871 2482 fecit
890 2434 1111 2483 Thessala
1131 2437 1277 2498 pinus,
1301 2453 1400 2485 eam
1420 2453 1432 2483 t

344 2494 414 2546 Et
423 2498 642 2559 juvenem
664 2499 833 2562 possim
857 2515 1067 2563 superare
1092 2499 1354 2549 Palaemona
1370 2501 1535 2557 nando,

410 2560 622 2624 Mil-aque
642 2578 775 2625 quem
798 2563 945 2611 subito
966 2565 1155 2612 reddidit
1175 2566 1311 2614 herba
1331 2565 1504 2613 Deum.
1589 2568 1690 2614 160

345 2625 484 2687 Saepe
501 2641 581 2688 per
602 2613 811 2674 adsiduos
831 2629 1051 2690 languent
1071 2628 1380 2678 mihilwrachia
1399 2637 1566 2687 motus.

410 2688 595 2753 Vixque
613 2706 694 2756 per
713 2692 957 2740 immensas
977 2692 1096 2744 fessa
1114 2694 1351 2745 trahuntur
1372 2709 1524 2761 aquas.
1579 2756 1586 2763 ,
1657 2692 1665 2698 ’
