1867 2942
340 153 435 199 268
684 148 750 199 1²:
773 148 1006 201 ovum
1037 148 1341 202 NASONIS
1352 146 1363 155 ⁴

343 276 534 345 [Tutius
555 287 637 336 est,
659 288 902 345 aptumque
920 283 1081 345 magis,
1104 282 1334 332 discedere
1352 286 1487 346 pace,

408 343 562 401 Quam
583 353 735 409 petere
755 345 785 393 a
802 348 1013 395 thalamis
1031 348 1230 412 litigiosa
1246 346 1401 414 forat]
1593 350 1696 397 670

344 409 544 459 Munera
562 427 666 473 quae
686 413 873 468 dederis,
896 414 1057 460 habeat
1077 414 1176 461 sine
1195 414 1276 461 lite
1284 414 1446 476 jubeto
1465 430 1482 461 ι

409 475 529 523 Esse
551 477 698 525 solent
718 492 888 540 magno
908 478 1074 526 damna
1093 479 1270 526 minora
1287 479 1426 527 bono.

343 538 488 597 Qudd
508 542 547 588 si
568 558 652 589 vos
676 543 837 604 aliquis
857 543 1083 590 conducet
1102 558 1235 591 casus
1254 544 1302 590 in
1323 558 1488 600 unum,

412 605 578 654 Mente
599 623 775 654 memor
796 606 904 663 tota,
927 623 1034 669 quae
1056 608 1216 656 damus
1236 623 1374 664 arms.
1396 615 1528 657 tene-
1550 638 1557 643 ·

346 669 488 719 Nunc
510 684 624 735 opus
645 680 715 720 est
735 674 900 738 armis=
938 673 1026 729 hic,
1050 670 1079 720 ὂ
1097 673 1354 729 fortissime,
1377 689 1560 738 pugna.

412 735 656 785 Vincenda
676 746 747 785 est
767 738 861 786 telo
884 736 1177 787 Penthesilea
1195 745 1292 787 tuo.

347 801 491 850 Nune
512 803 591 851 tibi
614 803 780 859 rivalis,
804 819 926 850 nunc
948 805 1110 850 durum
1131 804 1286 859 limen,
1307 804 1482 852 amanti
1497 821 1513 851 z

413 866 556 915 Nunc
576 868 736 915 mediis
757 870 947 916 subeant
967 869 1095 917 irrita
1114 870 1253 917 verba
1274 868 1407 918 Deis.

348 930 456 980 Nec
476 948 700 995 compone
719 948 886 989 comas,
907 934 1016 995 quia
1035 934 1099 981 sis
1117 942 1340 983 venturus
1357 935 1419 984 ad
1436 933 1569 984 illam
1581 951 1597 981 z

414 996 520 1046 Nec
540 1005 652 1061 toga
672 1000 733 1046 sit
751 999 857 1047 laxo
869 1000 1195 1062 ‘conspicienda
1216 1001 1336 1048 sinu.
1591 1001 1695 1048 680

350 1062 497 1111 Nulla
517 1054 577 1111 sit
598 1071 650 1111 ut
669 1064 847 1126 placeas
866 1064 1029 1112 alienae
1047 1080 1157 1113 cura
1176 1065 1341 1128 puellae
1353 1083 1368 1113 z

415 1127 524 1179 Jam
545 1128 682 1177 facito
705 1125 732 1177 ὲ
753 1129 909 1176 multis
928 1145 1023 1177 una
1042 1132 1103 1177 sit
1123 1130 1202 1178 illa
1222 1131 1318 1179 tibi.

352 1193 446 1243 Sed
467 1194 577 1255 quid
594 1191 822 1257 praecipue
846 1196 1014 1242 nostris
1035 1196 1272 1245 conatibus
1293 1198 1443 1245 obstet

417 1257 650 1321 Eloquar3
684 1260 893 1322 exemplo
913 1276 1141 1322 quemque
1159 1261 1352 1310 docente
1370 1276 1470 1313 suo·

352 1322 624 1373 Desinimus
645 1322 786 1380 tarde,
809 1327 915 1386 quia
934 1342 1022 1374 nos
1042 1341 1276 1389 speramus
1295 1325 1451 1376 amari.

418 1388 551 1439 Dum
575 1390 657 1437 sibi
679 1391 880 1451 quisque'
888 1390 1050 1453 placet,
1074 1392 1259 1440 credula
1278 1393 1408 1440 turba
1428 1402 1604 1440 sumus·

352 1453 424 1503 At
443 1461 495 1502 tu
518 1469 603 1511 nec
624 1470 762 1502 voces
785 1456 917 1519 (quid
937 1458 1058 1503 enim
1078 1456 1285 1505 fallacius
1305 1458 1393 1505 illis
1406 1454 1454 1519 ?)

420 1516 583 1575 Crede,
606 1535 690 1568 nec
711 1514 908 1568 aeternos
927 1523 1107 1585 pondus
1126 1524 1292 1575 habere
1312 1521 1460 1570 Deos.

353 1582 491 1634 Neve
511 1585 761 1649 puellarum
781 1586 980 1634 lacrimis
1001 1603 1215 1636 moveare
1233 1594 1423 1637 cavetoz

422 1649 494 1698 Ut
513 1650 690 1707 flerent,
712 1652 869 1699 oculos
890 1652 1241 1706 erudiere-suos.
1590 1655 1695 1700 690

354 1715 545 1765 Artibus
565 1717 815 1764 innumeris
835 1732 966 1764 mens
987 1726 1279 1780 oppugnatur
1297 1723 1534 1767 amantum
1549 1733 1569 1775 ς

422 1780 494 1830 Ut
513 1781 627 1844 lapis
648 1783 870 1843 aequoreis
891 1784 1091 1844 undique
1109 1783 1268 1846 pulsus
1287 1785 1431 1846 aquis.

352 1846 459 1895 Nec
480 1862 663 1896 caussas
683 1848 818 1910 aperi,
840 1860 980 1908 quare
998 1848 1193 1897 divortia
1210 1849 1370 1897 malisz

420 1910 526 1960 Nec
548 1912 633 1968 dic,
654 1913 765 1974 quid
786 1913 971 1972 doleas;
1006 1912 1123 1962 clam
1144 1921 1299 1962 tamen
1319 1929 1466 1976 usque
1484 1910 1608 1963 dole.

356 1976 462 2026 Nee
481 1986 670 2040 peccata
689 1977 836 2035 refer;
871 1993 930 2026 ne
950 1979 1107 2027 dil-nt.
1153 1977 1263 2042 Ipse
1280 1979 1483 2043 favebis:

424 2041 495 2091 Ut
515 2043 675 2091 melior
694 2041 856 2091 caussa
874 2059 1035 2092 caussa
1054 2046 1115 2091 sit
1135 2045 1213 2092 illa
1232 2042 1326 2094 tufi.

357 2107 458 2165 Qui
476 2109 593 2164 silet,
614 2114 687 2156 est
705 2106 884 2156 firmus:
922 2111 1002 2171 qui
1023 2110 1134 2157 dicit
1152 2110 1299 2159 multa
1315 2107 1481 2174 puella
1542 2142 1569 2161 η

423 2172 609 2229 Probra,
632 2172 838 2221 satisfieri
857 2175 1060 2236 postulat
1079 2175 1157 2222 ille
1177 2175 1276 2224 sibi.

357 2238 471 2288 Non
493 2252 583 2302 ego
606 2236 825 2286 Dulichio
845 2238 1030 2287 furiales
1050 2256 1179 2288 more
1199 2241 1405 2305 sagittas,

422 2303 528 2353 Nec
548 2303 724 2367 rapidas
744 2305 891 2351 ausim
912 2306 1124 2368 tinguere
1143 2306 1193 2353 in
1213 2321 1349 2354 amne
1368 2303 1510 2353 faces.
1597 2304 1699 2353 700

357 2369 465 2419 Nec
487 2384 573 2417 nos
593 2385 840 2432 purpureas
860 2371 989 2432 pueri
1011 2372 1311 2420 resecabimus
1332 2370 1459 2419 alanz

423 2432 528 2481 Nec
551 2449 677 2480 sacer
697 2440 794 2483 arte
814 2434 918 2481 mea
938 2435 1083 2483 laxior
1103 2451 1237 2484 arcus
1257 2436 1360 2484 erit.

359 2495 708 2548 Consilium·est
728 2499 1046 2559 quodcumque
1066 2514 1196 2548 cano.
1243 2499 1409 2549 Parete
1430 2499 1616 2549 canenti
1629 2516 1645 2545 ι

426 2561 584 2622 thue
603 2558 730 2616 facis,
751 2564 927 2624 eoeptis,
952 2562 1127 2612 Phoebe
1147 2564 1335 2621 saluber,
1360 2564 1484 2613 ades·

360 2623 564 2674 Phoebus
586 2626 739 2673 adestx
777 2642 972 2675 sonuere
991 2629 1135 2690 lytae3
1169 2645 1366 2678 sonuere

424 2688 570 2751 Signa
592 2687 749 2739 Deum
770 2705 913 2741 nosco
934 2708 1018 2757 per
1037 2708 1149 2743 suae
1189 2692 1397 2745 Phoebus
1411 2692 1564 2744 dat.
