1867 2942
301 97 396 183 1⁷84
613 125 694 179 -Ρ,
724 85 1289 182 ov1n11,NAs01ins

298 262 396 313 Cur
417 258 531 325 plus,
554 258 686 323 quim
708 275 882 316 somno,
904 260 1105 308 turbatos
1125 276 1228 308 esse
1247 263 1429 324 capillos
1441 279 1482 320 3*

364 326 598 389 Collaque,
621 326 865 389 conspici&
884 326 1032 373 dentis
1050 327 1213 373 habere
1228 334 1382 374 notam
1393 328 1418 371 'x’

295 391 500 441 Tantum
523 407 615 438 non
636 392 793 438 oculos
814 392 984 437 crimen
1006 389 1189 438 deducis
1209 392 1267 438 ad
1286 393 1422 454 ipsos.

366 457 415 505 si
437 457 610 505 dubitas
629 456 764 503 samae
783 472 998 517 parcere;
1031 470 1167 517 parce
1187 457 1311 503 mihi.

297 522 441 571 Mens
463 519 569 576 abit,
584 529 630 568 et
651 521 849 579 motion-3
884 521 1059 582 quoties
1078 536 1290 583 peccasse
1307 520 1488 568 fateris.

363 586 542 654 Perque
562 601 689 633 meos
709 592 832 633 artus
851 585 1017 646 frigida
1035 592 1169 647 gutta
1188 585 1302 633 fluit.

294 652 432 714 Tunc
453 667 584 699 amo.
622 657 733 698 tune
752 651 840 698 odi
846 647 1024 705 frustra,
1048 650 1168 711 quod
1183 664 1334 697 amare
1344 665 1529 697 neeesse
1542 658 1638 697 est.

360 716 496 764 Tune
518 732 634 778 ego,
645 716 725 762 sed
745 724 910 770 tecum,
930 721 1138 761 mortuus
1158 730 1259 761 esse
1279 715 1431 761 velim.
1562 720 1636 761 40

295 780 383 830 Nil
396 781 633 844 equidem'
622 782 873 842 inquiram,
908 795 1007 834 nec,
1030 794 1135 839 quae
1155 779 1302 827 celare
1315 781 1503 841 parabis,

353 845 608 908 Insequar:
647 854 693 893 et
712 846 813 899 falsi
833 845 1032 891 criminis
1046 845 1186 892 instar
1206 845 1306 890 erit.

298 910 349 961 si
367 920 522 959 tamen
542 913 590 957 in
611 909 758 958 media
776 910 998 971 deprensa
1016 910 1227 955 tenebere
1240 906 1384 971 culpa,

365 975 432 1024 Et
449 976 619 1024 fuerint
639 976 780 1022 oculis
799 974 964 1035 probra
982 973 1176 1019 videnda
1194 975 1334 1030 meis3

298 1040 423 1098 Quae
439 1043 557 1088 bene
575 1041 673 1088 visa
692 1040 802 1086 mihi
821 1038 1001 1091 fuerint,
1021 1039 1136 1083 bene
1155 1039 1254 1085 visa
1267 1045 1448 1100 negato.

364 1105 631 1155 Concedent
649 1105 797 1151 verbis
818 1103 991 1149 lumina
1010 1109 1168 1149 nostra
1184 1105 1291 1158 tuis.

298 1170 454 1219 Prona
475 1171 553 1217 tibi
575 1171 696 1216 vinci
717 1169 971 1230 cupientem
991 1168 1173 1213 vincere
1191 1168 1340 1229 palma
1361 1175 1445 1215 est.

366 1236 439 1284 Sit
458 1231 606 1289 modo,
624 1234 737 1281 Non
756 1234 857 1288 feci,
879 1233 1032 1278 dicere
1048 1232 1207 1293 lingua
1226 1248 1414 1279 memor.

299 1298 421 1352 Com
441 1301 522 1348 tibi
544 1301 782 1378 contingat
798 1299 959 1344 verbis
952 1311 1177 1359 superare
1196 1297 1400 1356 duobu83

363 1365 434 1415 Et
454 1367 492 1413 si
515 1380 607 1413 non
630 1380 801 1419 caussa,
815 1363 971 1426 judice
991 1363 1125 1411 vince
1145 1368 1347 1409 tuo..
1564 1367 1637 1411 50

749 1556 1020 1608 ELEGIA
1060 1558 1175 1606 XV.

300 1691 502 1747 Quam:
523 1705 691 1739 novum
712 1697 876 1744 vatem,
900 1695 1158 1736 tenerorum
1180 1694 1325 1735 mater
1347 1686 1571 1735 Amorum
1591 1706 1605 1735 z

364 1755 652 1804 Raditurhic
673 1754 835 1817 Elegis
858 1755 1016 1801 ultima
1035 1761 1157 1801 meta
1179 1755 1307 1800 meis.

301 1821 436 1877 Quos
457 1829 554 1884 ego'
567 1822 812 1882 composui,
836 1818 1019 1881 Peligni
1041 1820 1156 1867 ruris
1171 1819 1409 1866 alumnus:

364 1886 468 1934 Nee
487 1902 563 1932 me
583 1886 754 1932 deliciae
769 1885 1018 1932 dedecuere
1038 1899 1168 1931 meae.

301 1950 353 1999 si
374 1952 482 2012 quid
497 1952 544 1998 id
564 1959 645 2005 est,
669 1945 810 2010 ufique
830 1946 857 1995 ὲ
876 1949 1057 2010 proavis
1077 1955 1210 1995 v'etus
1231 1948 1402 1996 ordinis
1423 1950 1569 2002 heres,

364 2015 476 2063 Non
497 2013 633 2063 modo
655 2015 827 2061 militi'ae
850 2013 1028 2059 turbine
1047 2012 1194 2060 factus
1210 2028 1365 2075 eques.

301 2080 500 2130 Mantua
522 2080 719 2143 Virgilio
739 2079 921 2141 gaudet,
938 2077 1133 2126 Verona
1155 2076 1367 2127 Catullo:

367 2145 575 2208 Pelignae
596 2146 716 2192 dicar
738 2145 884 2206 gloria
903 2143 1054 2204 gentis
1076 2157 1191 2205 ego..

299 2210 451 2266 Qumn
475 2226 558 2257 sua
574 2212 757 2257 libertas
778 2209 835 2255 ad
855 2209 1045 2254 honesta
1065 2208 1277 2270 coegerat
1299 2222 1436 2262 arma,

365 2274 488 2325 Cum
508 2277 659 2322 timuit
680 2274 823 2321 socias
845 2272 981 2320 anxia
1000 2270 1153 2318 Roma
1172 2286 1347 2319 manus.
1568 2276 1634 2318 lo

296 2340 456 2401 Atque
476 2341 634 2402 aliquis
645 2345 868 2420 spectans
888 2339 1051 2398 hospes
1075 2337 1305 2383 Suknonis
1325 2337 1482 2396 aquosi

291 2452 293 2455 ,
362 2404 555 2464 Moenia,
580 2421 670 2465 qua
690 2405 831 2465 campi
843 2405 1011 2464 jugera
1030 2416 1172 2463 pauca
1191 2407 1379 2457 tenent3

299 2468 426 2523 Quae
444 2465 633 2524 tantum,
657 2470 788 2521 dicet,
809 2467 1020 2528 potuistis
1038 2467 1155 2513 ferre
1177 2466 1372 2526 poetam,

366 2532 932 2592 Quantulacumque‘estis,
955 2545 1040 2576 vos
1061 2546 1150 2591 ego
1172 2544 1341 2591 magna
1361 2538 1496 2578 voco.

299 2594 437 2644 Culte
453 2611 578 2656 puer,
601 2596 816 2657 puerique
835 2607 996 2657 parens
1020 2594 1290 2642 Amathusia
1310 2593 1435 2647 culti.

360 2659 517 2707 Aurea
537 2661 593 2706 de
613 2674 771 2721 campo
793 2660 947 2708 vellite
969 2661 1099 2722 sigua
1118 2673 1236 2707 meo.
1260 2683 1266 2688 v

230 2803 294 2899 i.
