1867 2942
377 184 475 227 222
710 175 766 227 Ρ.
800 174 1035 227 ovum
1069 176 1373 228 NASONIS

385 308 477 357 Sed
496 307 656 356 melius
675 308 873 356 nescisse
890 307 991 355 fuit.
1037 308 1286 356 Sineaefurta
1303 315 1523 371 tegantur
1535 324 1552 355 ε

450 373 529 420 Ne
546 372 695 437 fugiat
706 376 829 421 victo
850 374 995 422 fassus
1015 375 1078 424 ab,
1092 390 1171 420 ore
1189 374 1348 435 pudor.

386 438 495 494 Quo
515 440 675 500 magis,
697 437 944 501 &juvenem
966 438 1240 500 deprendere
1257 439 1430 500 parcite
1445 445 1650 486 vestras.

452 502 676 551 Peccent:
713 512 952 565 peccantes
973 504 1109 549 verba
1130 503 1304 550 dedisse
1322 510 1503 564 putent·

388 565 566 618 Crescit
585 584 712 615 amor
731 568 919 629 prensis.
964 566 1057 614 Ubi
1078 582 1160 628 par
1177 567 1359 614 fortuna
1378 568 1575 616 duorum
1598 575 1691 623 est,

452 632 510 680 In
531 630 688 679 caussa‘i
708 632 858 680 damni
877 638 1050 693 perstat
1070 640 1255 693 uterque
1275 633 1360 679 sui.
1620 637 1723 681 560

383 697 558 746 Fabula
577 704 782 745 narratur
800 705 900 744 toto
919 696 1155 752 notissima
1174 696 1305 751 coelo,

451 762 716 811 Mulciberis
736 762 853 825 capti
875 761 1096 821 Marsque
1117 760 1368 823 Venusque
1388 761 1522 808 dolis.

387 827 520 876 Mars
539 834 679 889 pater,
699 828 861 876 insano
883 825 1079 874 Veneris
1100 826 1303 873 turbatus
1322 841 1492 882 amore,
1836 805 1839 888 ⁴

453 892 534 940 De
554 892 668 939 duce
686 891 871 939 terribili
890 890 1038 938 factus
1058 898 1232 937 amator
1252 899 1363 937 erat.
1836 911 1839 922 ·

387 956 493 1006 Nec
513 956 684 1008 Venus,
695 958 838 1004 oranti
864 957 1033 1020 (neque
1047 956 1168 1002 enim
1185 954 1294 1003 Dea
1306 955 1489 1004 mollior
1504 956 1599 1003 ulla
1620 954 1715 1018 est)

452 1022 644 1070 nusum
666 1022 882 1076 Gradivo,
904 1020 1154 1068 diffieffiave
1171 1020 1272 1068 fuit.
1836 1003 1839 1124 ⁴

386 1088 464 1136 Ah
486 1088 662 1148 quoties
679 1087 847 1136 lasciva
865 1086 1002 1148 pedes
1020 1085 1171 1132 risisse
1191 1086 1341 1133 mariti
1838 1127 1839 1150 ¹

328 1193 337 1202 .
455 1152 652 1205 Dicitur,
676 1159 722 1198 et
742 1152 874 1200 duras
894 1152 1005 1212 igne
1023 1151 1098 1197 vel
1119 1157 1215 1197 arte
1234 1150 1416 1200 manus!

389 1217 547 1266 Marte
564 1217 711 1279 palam
733 1216 913 1263 simulat
934 1214 1190 1262 Vulcanum
1212 1216 1398 1271 imitata,
1421 1215 1639 1274 decebam

457 1281 698 1343 Multaque
719 1297 822 1328 cum
842 1279 992 1327 forma
1010 1280 1156 1343 gratia
1174 1280 1320 1327 mixta
1336 1280 1440 1327 fuit.
1618 1285 1716 1331 570

393 1346 484 1396 sed
502 1348 619 1393 bene
639 1347 899 1393 concubitus
918 1346 1088 1407 primos
1109 1347 1255 1392 celare
1275 1346 1492 1394 solebant.

458 1410 602 1459 Plena
621 1412 860 1459 verecundi
882 1411 1013 1473 culpa
1031 1410 1213 1473 pudoris
1233 1418 1344 1458 erat.

393 1473 567 1523 Indicio
592 1476 711 1523 Solis
732 1476 856 1538 (quis
879 1475 1034 1522 Solem
1054 1475 1208 1523 fallere
1228 1476 1370 1538 possit
1382 1473 1430 1535 ?)

459 1538 660 1602 cognita
679 1539 888 1588 Vulcano
910 1541 1117 1603 conjugis
1138 1547 1240 1587 actu
1259 1556 1370 1590 ωε.

392 1603 546 1662 Quam
561 1606 693 1660 mala,
711 1606 803 1660 Sol,
820 1605 1027 1668 exempla
1041 1604 1230 1653 moves?
1250 1612 1528 1669 petemunus
1541 1607 1596 1654 ab
1611 1605 1706 1653 ini:

458 1670 525 1719 Et
546 1671 637 1727 tibi,
661 1672 698 1718 si
719 1678 880 1725 taceas,
905 1671 1027 1731 quod
1048 1671 1154 1718 dare
1173 1670 1330 1734 possit,
1351 1672 1497 1718 habet.

391 1736 619 1785 Mulciber
639 1737 851 1784 obscuros
868 1736 1047 1786 lectum,
1061 1737 1266 1796 circaque
1285 1751 1505 1797 superque

459 1800 677 1864 Disponit
694 1802 903 1861 laqueos:
942 1800 1115 1848 lumina
1132 1800 1249 1847 fallit
1269 1816 1395 1863 opus.

393 1866 554 1928 Fingit
572 1867 658 1913 iter
681 1865 916 1913 Lemnon:
957 1866 1148 1911 veniunt
1167 1866 1224 1911 ad
1243 1865 1393 1913 foedus
1413 1872 1642 1914 amantes:

458 1930 671 1992 Impliciti
691 1930 861 1992 laqueis
882 1929 1030 1977 nudus
1050 1937 1238 1990 uterque
1247 1931 1419 1993 Jacent.
1615 1934 1714 1980 580

394 1994 633 2046 Convocat
651 1996 729 2043 ille
748 1994 895 2042 Deos.
938 1992 1150 2041 Praebent
1165 1996 1418 2057 spectaculi!
1437 1997 1571 2058 capti.

458 2060 555 2107 Vix
573 2061 779 2107 lacrimas
800 2059 1028 2108 Venerem
1050 2060 1327 2107 continuisse
1345 2066 1520 2122 putant.
1540 2105 1545 2114 ,

392 2125 505 2174 Non
526 2126 678 2172 vultus
698 2124 866 2174 texisse
886 2140 1007 2180 suos,
1029 2141 1122 2172 non
1143 2124 1335 2185 denique
1353 2133 1545 2187 possunt

457 2190 666 2238 Partibus
686 2190 910 2253 obscoenis
931 2191 1193 2252 opposuisse
1211 2204 1387 2245 manus.

394 2254 492 2304 Hic
512 2255 669 2317 aliquis
691 2255 851 2310 ridens,
876 2253 934 2302 In
956 2270 1042 2310 me,
1063 2252 1307 2301 fortissime
1327 2254 1536 2311 Mavors,

461 2320 511 2367 Si
530 2320 610 2366 tibi
634 2327 739 2367 sunt
760 2321 899 2375 oneri,
920 2319 1103 2366 vincula
1122 2319 1325 2374 transfer,
1349 2321 1424 2366 ait.
1501 2345 1509 2352 ,

397 2381 492 2430 vix
512 2386 728 2445 precibus,
752 2384 983 2447 Neptune,
1005 2385 1095 2431 tuis
1116 2385 1292 2446 captiva
1311 2384 1499 2433 resolvit

457 2446 675 2509 Corpora.
725 2449 856 2496 Mars
877 2448 1087 2495 Threcen
1106 2456 1328 2510 occupat3
1361 2449 1440 2496 illa
1462 2448 1668 2512 Paphon.

396 2510 506 2558 Hoc
526 2512 604 2557 tibi
657 2512 889 2567 refectum,
913 2512 1145 2559 Vulcanez
1184 2514 1306 2572 quod
1325 2509 1435 2560 ante
1455 2515 1683 2577 tegebant,

462 2527 668 2621 Liba-hijs
686 2575 857 2623 faciunt
863 2594 881 2634 3
915 2584 969 2626 ut
988 2577 1131 2637 pudor
1151 2578 1298 2624 omnis
1317 2578 1460 2632 abest.
1619 2584 1719 2629 590

551 2644 703 2685 tamen
724 2638 908 2692 demens
930 2638 1069 2687 stulte
1088 2640 1247 2694 fecisse
1268 2640 1454 2689 fateris:

504 2714 617 2766 eque
634 2701 786 2755 ferunt
804 2704 885 2752 irre
905 2705 1169 2767 poenituisse
1189 2711 1298 2753 tuoe.
1374 2737 1380 2744 ·
1424 2739 1429 2746 -
