1867 2942
294 172 362 216 so
639 154 1301 251 P7ovm11'hJAsotle

303 295 428 352 Quae
451 294 489 341 si
512 294 572 341 sit
593 292 774 341 Danais
796 292 1038 348 reddenda,
1059 290 1136 340 vel
1161 293 1372 343 Hector!
1385 294 1598 354 fiunem,

368 359 463 407 Vel
483 375 589 407 cum
613 357 861 420 Deiphobo
887 357 1221 419 Polydamanta
1244 372 1376 423 roga,

306 426 542 488 Quidgra
541 425 613 472 vis
634 424 861 476 Antenor,
889 423 1103 472 Priamus
1124 426 1233 486 quid
1255 433 1442 475 censeat
1463 428 1578 490 ipse,
1631 464 1640 471 .

373 489 616 548 Consule;
650 490 751 551 quis
775 496 887 537 aetas
909 490 1052 552 longa
1075 491 1297 553 magistra
1318 489 1421 539 fuit.

301 556 461 618 Turpe
485 556 805 610 rudimentum,
827 555 990 617 patriae
1012 571 1280 618 praeponere
1303 565 1494 620 raptam.

371 620 553 671 Caussa
571 620 783 683 pudenda
801 627 882 668 tua
903 628 1002 678 est3
1032 622 1163 684 justa
1184 623 1257 668 vir
1278 632 1406 670 arma
1424 631 1604 674 movet.

302 687 410 735 Nec
433 688 528 741 tibi,
552 687 591 732 si
615 687 776 748 sapias,
798 684 934 732 fidam
951 687 1168 748 promitte
1191 684 1456 745 Lacaenam,

374 753 497 808 Quae
520 753 579 798 sit
599 753 648 798 in
672 752 909 813 amplexus
932 760 1027 798 tam
1051 750 1143 799 citd
1166 769 1304 801 versa
1324 761 1444 802 tuos·
1562 760 1667 806 100

308 818 380 866 Ut
401 818 551 865 minor
572 818 761 864 Atrides
783 818 992 865 temerati
1013 817 1188 864 foedera
1208 819 1316 865 lecti
1535 819 1540 823 “

374 881 572 940 Clamat,
595 891 644 930 et
665 891 855 930 externo
876 884 1017 929 laesus
1039 899 1195 930 amore
1217 884 1374 943 dolet;

268 1000 279 1011 l
306 948 384 997 Tu
407 964 589 1011 quoque
610 949 840 996 clamabis.
908 946 1053 994 Nulla
1074 948 1338 1010 reparabilis
1361 956 1462 997 arto

372 1013 512 1062 Laesa
531 1014 748 1090 pudicitia
767 1024 865 1061 est:
906 1013 1083 1075 deperit
1105 1015 1183 1061 illa
1205 1015 1362 1062 semel.

307 1080 458 1129 Ardet
479 1094 633 1126 amore
653 1080 748 1125 tui.
799 1080 865 1125 sic
887 1085 935 1124 et
957 1078 1208 1126 Menelaon
1231 1082 1438 1139 amavit3

374 1144 516 1192 Nunc
530 1145 659 1207 jacet
679 1145 727 1190 in
749 1143 888 1190 viduo
910 1143 1122 1189 credulus
1143 1144 1221 1190 ille
1243 1152 1361 1192 toro.

309 1209 447 1260 Felix
467 1209 806 1263 Andromache,
831 1215 958 1255 certo
979 1208 1096 1254 bene
1119 1214 1262 1269 nupta
1282 1206 1481 1260 marito!

375 1274 513 1323 Uxor
535 1275 592 1322 ad
614 1274 875 1335 exemplum
895 1272 1049 1320 fratris
1071 1273 1275 1320 habenda
1295 1275 1379 1324 fui.

308 1340 386 1389 Tu
408 1340 553 1387 levior
573 1339 708 1394 foliis,
731 1346 841 1385 tunc
863 1335 984 1393 curn,
1008 1339 1107 1385 sine
1128 1340 1331 1400 pondere
1352 1343 1492 1398 succi,
1641 1348 1652 1359 “

377 1404 630 1453 Mobilibus
652 1405 804 1451 ventis
825 1403 951 1451 arida
970 1402 1105 1459 saeta,
1130 1405 1304 1453 volant.
1564 1410 1664 1459 110

310 1470 380 1522 Et
399 1471 553 1518 minus
575 1478 646 1517 est
667 1470 715 1516 in
737 1476 798 1524 te,
821 1467 960 1531 quam
983 1467 1161 1517 summa
1182 1472 1361 1532 pondus
1383 1462 1536 1529 tristi.
1634 1476 1646 1513 ἰ

378 1536 501 1601 Quae
521 1536 637 1583 levis
659 1534 856 1582 adsiduis
878 1534 1050 1581 solibus
1071 1543 1173 1583 usta
1197 1538 1332 1599 riget.

312 1600 424 1651 Hoc
446 1590 528 1648 tua
551 1602 681 1665 (nam
705 1597 882 1660 recolo)
907 1601 1137 1661 quondam
1160 1617 1381 1664 germana
1401 1602 1646 1661 canebats

379 1667 458 1717 Sic
478 1666 590 1713 mihi
612 1665 786 1713 diffusis
808 1666 1053 1713 vaticinata
1077 1668 1248 1715 comis.

313 1732 441 1789 Qrid
459 1730 587 1787 facis,
612 1731 836 1779 OEnone'?
869 1733 979 1793 quid
1001 1747 1154 1781 arenae
1177 1733 1351 1781 semina
1372 1734 1565 1782 mandas
1580 1732 1648 1781 ἲ

378 1797 492 1845 Non
514 1797 798 1875 profecturis·
805 1799 944 1845 litora
961 1799 1107 1846 bubus
1129 1813 1243 1846 aras.

316 1864 492 1928 Graja
472 1879 676 1927 Juvenca
694 1864 836 1918 venit,
859 1880 966 1925 quae
988 1871 1049 1918 te,
1070 1865 1369 1926 patriamque,
1380 1863 1663 1929 domumque

379 1929 562 1977 Perdat.
627 1927 684 1976 Io
703 1930 919 1992 prohibe;
955 1930 1132 1993 GraJa
1112 1945 1314 1993 Juvenca
1324 1928 1465 1975 venit.

313 1995 446 2051 Dum
468 1996 588 2051 licet,
612 1946 869 2043 obscpaenam
891 2002 1049 2057 ponto,
1074 1993 1155 2049 Di,
1176 1996 1380 2071 mergite
1399 1995 1646 2057 puppinus

380 2061 494 2109 Heu
513 2069 734 2123 quantum
760 2059 954 2123 Phrygii
978 2060 1215 2121 sanguinis
1236 2060 1317 2106 illa
1336 2059 1494 2109 vehit!
1566 2063 1664 2109 120

314 2125 530 2178 Dixerat.
598 2125 657 2172 In
681 2141 816 2173 cursu
836 2125 1025 2172 famulae
1048 2140 1235 2186 rapuere
1253 2123 1511 2183 furentem3

380 2192 452 2240 At
473 2193 587 2238 mihi
609 2191 832 2238 flaventes
854 2191 1084 2252 diriguere
1101 2204 1262 2237 comae.

312 2257 394 2306 Ah
418 2254 609 2305 nimium
630 2264 759 2304 vates
780 2256 962 2302 miserae
982 2255 1094 2301 mihi
1115 2269 1229 2303 vera
1246 2253 1399 2304 fuisti!
1458 2273 1464 2278 ·

382 2321 596 2372 Possidet
616 2338 676 2369 en
699 2322 842 2369 saltus
862 2321 973 2367 ina·
952 2335 1156 2384 Juvenca
1175 2335 1320 2368 meo-⁴3.

315 2387 389 2437 sit
407 2388 525 2435 facie
547 2388 756 2448 quamvis
777 2386 988 2448 insignis,
1012 2386 1219 2433 adultera
1237 2383 1364 2433 certe
1385 2392 1472 2434 est.

378 2451 604 2501 Deseruit
626 2454 789 2507 socios,
815 2453 993 2514 hospite
1016 2458 1162 2514 capta,
1187 2451 1336 2499 Deos.

314 2515 452 2565 mm
472 2518 532 2563 de
552 2516 699 2578 patria
720 2516 945 2572 Theseus,
972 2517 1084 2579 (nisi
1108 2518 1295 2564 nornine
1314 2512 1474 2575 fallor)

381 2581 559 2629 Nescio
581 2583 682 2642 quis
704 2580 929 2637 Theseus,
952 2581 1137 2630 abstulit
1157 2580 1266 2630 ante
1286 2578 1381 2628 sud.

317 2647 400 2695 A
379 2661 555 2710 Juvene
575 2650 624 2692 et
644 2647 809 2708 cupido
831 2647 1044 2695 credatur
1064 2647 1241 2695 reddita
1258 2646 1408 2707 virgo.

386 2711 930 2775 Undehoccompererim
943 2712 1180 2771 tambene,
1191 2709 1390 2774 quaeris?
1412 2722 1531 2759 arno.
1573 2712 1676 2759 130
