1867 2942
404 136 510 189 AD
534 126 800 188 -LIVIAM
831 127 1241 188 AUGUSTAM.
1404 132 1509 187 §si-

167 269 249 317 An
271 267 431 319 melius
449 260 533 333 per
551 278 602 319 te
622 271 841 319 virtutum
862 270 1069 333 exempla
1085 270 1306 332 petemus,

234 333 447 391 Quam‘si
470 336 696 384 Romanae
716 337 930 400 principis
952 337 1047 382 edis
1069 350 1183 397 opus
1196 334 1221 381 ⁴?
1268 342 1281 354 '

168 399 287 449 Fata
306 409 493 450 manent
514 416 698 450 omnes:
739 417 897 448 omnes
920 407 1155 463 exspectat
1175 408 1338 448 avarus

233 465 457 515 Portitor:
495 475 541 514 et
561 469 708 515 turbae
727 469 808 514 vix
829 468 938 514 satis
960 481 1052 513 una
1073 467 1195 513 ratis.

164 529 417 579 TendImus
439 535 526 579 huc
550 548 730 580 omnes:
768 540 938 579 metam
960 538 1252 594 properamus
1272 530 1330 578 ad
1350 538 1502 579 unam·

232 595 401 645 Omnia
420 600 503 645 sub
522 598 649 661 leges
670 614 794 645 mors
816 602 950 644 vocat
972 607 1069 643 atra
1090 610 1208 645 suas.
1401 596 1503 643 :360

163 659 292 709 Ecce
312 678 471 710 necem
491 664 714 710 intentam
730 663 862 718 coelo,
885 670 1121 723 terraeque,
1143 661 1362 723 fretoque,

232 723 546 790 casurumque
566 729 730 791 triplex
749 729 1052 776 vaticinantur
1073 741 1201 790 opus.

161 789 190 837 1
213 808 348 847 nunc,
372 801 431 848 et,
454 795 587 840 rebus
608 790 737 841 tanta
754 790 1044 855 impendente
1066 791 1208 848 ruina,

232 856 291 903 In
313 865 361 904 te
382 859 524 905 solam
545 860 701 906 oculos
723 867 769 906 et
793 865 873 906 tua
894 860 1058 906 damna
1077 857 1208 906 refer.

164 921 404 970 Maximus
424 924 502 971 ille
523 924 703 986 quidem
716 926 955 988 Juvenum,
982 939 1085 986 spes
1105 923 1284 986 publica
1302 923 1444 981 vixit3

231 987 311 1044 Et,
335 987 426 1050 qua
444 995 579 1036 natus
600 997 710 1045 erat,
727 990 873 1052 gloria
894 1004 1072 1036 summa
1087 988 1264 1036 domus.

160 1051 258 1101 Sed
278 1055 482 1102 mortalis
501 1062 629 1103 erat:
668 1070 753 1101 nec
774 1061 826 1101 tu
847 1068 1007 1101 secura
1024 1054 1165 1110 fuisti,

229 1116 388 1166 Fortia
407 1122 627 1183 progenie
645 1120 763 1167 bella
783 1127 975 1182 gerente
995 1116 1089 1167 tua.

160 1181 278 1231 Vita
298 1184 402 1232 data
415 1193 486 1233 est
502 1187 693 1233 utenda:
733 1185 838 1232 data
859 1190 930 1231 est
952 1185 1051 1231 sine
1069 1183 1248 1232 foenore
1267 1184 1397 1232 nobis

228 1248 411 1306 Mutua,
433 1264 519 1297 nec
541 1248 665 1297 certa
683 1249 987 1312 persoluemla
1006 1250 1092 1296 die.
1405 1252 1506 1299 370

159 1311 369 1367 Fortuna
388 1316 580 1363 arbitriis
600 1323 778 1379 tempus
800 1316 1030 1378 dispensat
1048 1315 1228 1376 iniquis.

228 1374 319 1428 Illa
339 1382 455 1444 rapit
465 1383 690 1445 juvenes:
732 1382 925 1429 sustinet
943 1380 1022 1428 illa
1043 1386 1190 1427 senes.

164 1441 363 1507 Quae‘ique
383 1448 486 1503 ruit,
507 1446 748 1495 furibunda
767 1448 884 1494 ruit:
922 1452 1164 1508 totumque
1181 1461 1264 1508 per
1285 1447 1439 1494 orbem

227 1507 473 1567 Fulminat,
496 1519 544 1560 et
564 1514 698 1561 caecis
718 1528 842 1560 caeca
859 1513 1107 1575 triumphat
1124 1513 1269 1572 equis.

159 1570 335 1637 Regna
354 1576 478 1624 Deae
497 1578 688 1625 immitis
706 1593 843 1639 parce
860 1578 1038 1623 irritare
1058 1578 1316 1637 querendoz

228 1640 483 1689 Sollicitare
502 1641 678 1687 animos
696 1654 833 1702 parce
842 1639 1049 1702 potentis
1063 1642 1202 1687 herae.

165 1704 292 1762 Qnae
311 1711 470 1753 tamen
488 1705 577 1751 hoc
598 1716 692 1750 uno
712 1705 856 1751 tristis
877 1704 958 1751 tibi
978 1710 1184 1767 tempore
1202 1705 1342 1763 venit,

231 1771 368 1834 Saepe
387 1770 546 1818 eadem
568 1768 701 1815 rebus
721 1767 833 1816 favit
856 1768 1001 1815 amica
1021 1770 1126 1816 tuis.

160 1835 291 1884 Nata
311 1833 435 1898 quod
453 1850 512 1884 en
534 1830 627 1882 alte
648 1849 713 1889 es,
735 1830 858 1895 quod
875 1832 1062 1880 foetibus
1084 1839 1217 1881 aucta
1236 1835 1410 1884 duobus
1424 1853 1439 1866 ·

233 1901 461 1962 Quodque
481 1900 619 1948 etiam
640 1914 813 1963 magno
834 1900 1095 1946 consociata
1113 1898 1250 1948 Jovii
1406 1872 1508 1952 380

164 1965 309 2024 Quod
328 1982 508 2029 semper
527 1966 699 2013 domito
721 1965 856 2011 rediit
873 1965 957 2011 tibi
980 1962 1139 2012 Caesar
1159 1965 1217 2011 ab
1235 1966 1356 2023 orbe,
1484 1976 1496 1991 ⁴

233 2030 394 2081 Gessit
414 2039 462 2080 et
481 2030 653 2078 invicta
671 2044 887 2094 prospera
904 2030 1024 2077 bella
1043 2044 1208 2077 manu:

164 2095 307 2155 Quod
328 2113 432 2160 spes
451 2095 698 2160 implerunt
718 2103 1013 2157 maternaque
1031 2102 1143 2143 vota
1164 2094 1407 2158 Nerones3
1492 2143 1501 2147 ,

232 2162 373 2219 Quod
385 2163 542 2226 pulsus
563 2163 700 2210 toties
720 2162 865 2210 hostis
886 2168 1079 2223 utroque
1101 2161 1228 2209 duee.

159 2230 372 2284 Rhenus,
394 2235 444 2275 et
464 2228 649 2292 Alpinae
668 2227 823 2282 valles,
846 2234 894 2276 et
915 2228 1139 2290 sanguine
1158 2228 1292 2290 nigro

233 2295 441 2343 Decolor
460 2292 630 2341 infecta
648 2294 779 2341 testis
801 2292 986 2355 Itargus
1002 2291 1141 2354 aqua:

166 2358 502 2420 Danubiusque
523 2373 677 2421 rapax,
707 2367 755 2406 et
776 2358 954 2406 Dacius
976 2360 1083 2406 orbe
1105 2365 1281 2406 remoto

234 2425 455 2488 *Apulus
476 2425 581 2471 huic
602 2424 723 2475 hosti
743 2438 825 2485 per
843 2425 983 2471 breve
1006 2424 1185 2472 Pontus
1206 2426 1321 2473 iter-2

165 2491 503 2552 Armeniusque
520 2488 678 2552 fugax,
702 2496 749 2535 et
769 2490 955 2536 tandem
977 2489 1196 2537 Dalmata
1219 2490 1421 2555 supplex,

236 2558 515 2617 Summaque
535 2555 723 2617 dispersi
741 2570 823 2616 per
835 2555 954 2617 juga
976 2554 1226 2602 Pannonii:
1410 2560 1514 2606 390

166 2622 236 2674 Et
256 2620 394 2671 modo
419 2622 679 2670 Germanus
702 2618 926 2668 Romanis
948 2620 1161 2682 cognitus
1181 2622 1317 2671 orbis.

232 2686 431 2754 Adspice
451 2694 565 2751 quot
585 2686 759 2735 meritis
779 2685 911 2750 culpa
934 2686 995 2734 sit
1009 2700 1102 2734 una
1121 2687 1285 2735 minor.
