1867 2942
421 158 542 213 An·
556 142 817 212 'LIVIAM
847 155 1259 211 AUGUSTAM.
1422 162 1523 212 2oe

177 288 457 350 Consistam,
480 292 688 355 laetisque
709 290 864 348 oculis,
884 291 1127 354 lentusque
1145 289 1313 348 videbo

245 358 400 406 Strata
416 372 498 420 per
518 358 749 406 obscaenas
770 372 960 420 corpora
974 358 1097 405 nuda
1111 358 1223 406 vias.
1419 359 1518 402 280

177 421 325 472 Hunc
346 423 531 472 Aurora
550 423 683 478 diem,
706 423 962 485 spectacula
980 429 1108 472 tanta
1126 422 1364 480 ferentem,

243 487 397 543 Quem
419 485 615 551 primum
637 489 808 536 croceis
830 489 1007 536 roscida
1026 495 1179 550 portet
1198 488 1345 552 equis.

178 553 342 616 Adjice
364 552 571 608 Ledaeo&
597 553 836 600 concordia
856 553 1015 609 sidera,
1036 552 1198 601 fratres
1203 569 1224 614 3

174 622 178 625 ’
243 616 526 682 Templaque
547 617 763 665 Romano
784 618 1102 681 conspicienda
1120 617 1236 667 foro.

178 681 332 739 Quem
353 696 495 746 parvo
516 697 729 731 numeros
750 684 955 746 implevit
968 683 1181 746 principis
1197 697 1314 739 aevo,

243 746 304 794 In
322 749 512 811 patriam
535 748 710 795 meritis
730 748 1029 809 occubuitque
1051 747 1219 797 senex!

176 811 284 863 Nee
306 826 390 861 sua
408 812 657 874 conspiciet
678 813 917 876 (miserum
939 828 1015 859 me
1029 811 1068 874 !)
1092 825 1282 860 munera
1302 810 1504 868 Drusus,
1547 822 1551 829 '

241 870 348 926 Nec
369 892 454 926 sua
471 878 557 940 pro'
578 876 736 940 templi
755 878 943 924 nomina
960 876 1113 925 fronte
1132 878 1274 941 leget.

177 942 215 992 S
333 941 479 998 Nero,
501 941 789 996 illacrimans,
812 939 1035 989 submissa
1049 956 1166 989 voce
1184 943 1406 1003 loquetur,

290 1024 344 1057 ur
363 1007 476 1057 adeo
490 1007 671 1061 fratres,
693 1008 783 1055 heu
805 1007 903 1054 sine
923 1006 1074 1062 fratre,
1098 1005 1270 1054 Deos?
1360 1008 1363 1011 ’
1416 1010 1519 1057 290

176 1071 348 1125 Certus
368 1087 469 1123 eras
488 1085 750 1133 numquam,
772 1071 859 1119 nisi
879 1071 1041 1127 victor,
1064 1070 1235 1128 Druse,
1257 1073 1440 1120 reverti.

243 1136 367 1189 Haec
387 1145 437 1188 te
456 1137 702 1186 debuerant
721 1143 954 1199 tempora:
991 1136 1140 1184 victor
1159 1150 1278 1184 eras.

139 1207 147 1218 “
179 1200 386 1254 Consule
405 1218 506 1261 nos,
527 1203 643 1250 duce
663 1216 762 1258 nos,
786 1201 901 1249 duce
912 1203 1015 1264 jam
1036 1201 1222 1259 victore,
1246 1215 1481 1251 caremus:

247 1266 433 1317 Invenit
455 1283 513 1316 en
535 1265 635 1315 tota
654 1281 827 1315 moeror
847 1267 894 1314 in
915 1266 1028 1319 urbe
1047 1266 1215 1315 locum.

180 1333 250 1383 At
270 1334 488 1383 comitum
511 1332 735 1394 squallent
754 1332 970 1380 immissis
991 1346 1071 1380 ora
1085 1331 1277 1396 capillis,

243 1396 425 1456 Infelix,
446 1397 609 1448 Druso
629 1397 708 1446 sed
729 1398 805 1460 pia
825 1398 958 1445 turba
977 1412 1078 1446 suo.

177 1462 390 1519 Quorum
411 1463 586 1527 aliquis,
607 1462 800 1512 tendens
819 1463 868 1511 in
890 1469 939 1510 te
960 1477 1042 1511 sua
1061 1462 1255 1524 brachia,
1278 1462 1404 1521 dixit,
1498 1492 1503 1496 »

246 1526 344 1579 Cur
364 1529 463 1578 sine
483 1544 570 1584 me,
595 1544 678 1577 cur
698 1530 764 1576 sic
785 1528 1078 1577 incomitatus
1099 1529 1228 1576 abis?

177 1592 308 1650 Quini
327 1593 519 1642 refermn
542 1593 600 1641 de
619 1600 681 1650 te,
704 1594 974 1655 dignissima
995 1594 1191 1656 conjuge
1210 1592 1388 1650 Druso,

244 1659 404 1720 Atque
423 1657 581 1705 eadem
601 1655 750 1704 Drusi
770 1657 911 1718 digna
927 1663 1116 1720 parente
1136 1671 1279 1706 nurus
1292 1657 1318 1703 ἲ
1416 1662 1519 1708 3oe

176 1723 273 1773 Par
292 1725 410 1772 bene
430 1721 729 1784 compositum
746 1737 763 1779 ;
786 1721 1014 1784 juvenum
1033 1720 1308 1781 fortissimus
1328 1722 1456 1781 alter,
1484 1728 1507 1757 ·“

244 1789 408 1838 Altera
427 1793 522 1836 tam
542 1784 651 1835 forti
672 1793 831 1834 mutua
851 1801 964 1835 cura
981 1786 1097 1835 viro.

177 1852 375 1904 Femina
394 1860 447 1901 tu
466 1853 701 1916 princeps3
734 1857 788 1899 tu
807 1849 902 1901 filia
924 1850 1123 1901 Caesaris
1140 1869 1153 1898 ι
1190 1852 1259 1900 illi

244 1917 351 1968 Nec
372 1919 523 1979 minor
542 1933 593 1967 es
612 1918 769 1982 magni
791 1919 989 1983 conjuge
1010 1918 1109 1965 visa
1126 1916 1276 1966 Jovis.
1316 1922 1321 1929 ⁴

175 1982 257 2035 Tu
279 1998 522 2033 concessus
542 1997 684 2041 amor,
705 1990 758 2031 tu
779 1983 903 2033 solus
923 1990 975 2030 et
993 1983 1181 2031 ultimus
1198 1982 1281 2040 ini.

243 2047 322 2098 Tu
343 2049 523 2112 requies
540 2045 665 2098 fesso
683 2056 819 2112 grata
835 2049 1002 2098 laboris
1021 2062 1136 2097 eras·

177 2114 254 2167 Te
273 2114 488 2173 moriens,
505 2130 587 2180 per
605 2114 744 2162 verbe
764 2116 1024 2171 novissima,
1047 2119 1235 2174 questus
1255 2114 1437 2163 abesse:
1478 2113 1487 2125 ‘

247 2179 317 2229 Et
336 2187 462 2229 mota
481 2181 531 2229 in
552 2194 719 2230 nomen
737 2179 907 2243 frigida
923 2179 1086 2242 lingua
1103 2186 1250 2227 tuum.

180 2244 355 2295 Infelix
375 2247 549 2309 recipis,
574 2261 669 2295 non
690 2260 825 2312 quem
847 2245 1116 2309 promiserat
1133 2246 1261 2307 ipses

246 2310 354 2359 Nec
374 2311 452 2372 qui
472 2312 638 2359 missus
659 2318 786 2358 erat:
827 2327 911 2359 nec
932 2318 1041 2359 tuus
1060 2310 1139 2357 ille
1160 2310 1289 2358 redit.
1427 2315 1531 2361 310

179 2376 290 2425 Nec
307 2375 392 2441 ‚tibi
415 2375 587 2423 deletos
606 2378 775 2439 poterit
796 2391 980 2426 narrare
1002 2376 1298 2438 Sygambros,
1346 2408 1351 2411 -
1422 2394 1429 2400 ·

169 2440 178 2455 ”
249 2439 452 2489 Ensibus
472 2448 520 2488 et
542 2440 718 2489 Suevos
739 2448 872 2505 terga
893 2442 1073 2491 dedisse
1094 2442 1202 2489 suis.

182 2506 501 2567 Fluminaque,
524 2512 573 2553 et
592 2510 785 2563 montes,
808 2514 856 2554 et
876 2508 1063 2555 nomina
1081 2516 1250 2571 magna
1268 2506 1476 2557 locorum
1489 2506 1509 2557 ἐ

249 2571 318 2621 Et
340 2572 378 2619 si
401 2571 512 2633 quid
529 2572 635 2620 miri
653 2572 769 2620 vidit
788 2574 837 2621 in
858 2572 967 2621 orbe
987 2586 1125 2621 novo,
1352 2592 1379 2609 ³-

184 2637 229 2687 F
254 2639 265 2650 ”
303 2637 408 2686 'dus
427 2637 507 2686 ille
526 2637 899 2703 tibz‘mrpusque
920 2636 1114 2703 refertur
1133 2638 1299 2689 inane:

230 2653 499 2770 2{itemque
515 2708 695 2770 'premat
709 2705 817 2756 'sine
836 2711 898 2766 te,
923 2705 1143 2756 sternitur
1161 2708 1457 2754 montom-‚2

188 2782 297 2819 vox..
320 2781 355 2821 ι
381 2816 384 2825 ,
1070 2774 1101 2819 2
1117 2784 1146 2817 e
