1867 2942
509 68 884 163 moms.
939 106 1264 168 Emmxxt.
1461 116 1555 163 105

192 237 369 294 Quam
388 239 548 302 procul
568 245 620 287 ut
639 239 745 295 vidi,
770 238 897 293 Quid
918 255 995 286 me
1013 239 1155 302 fugis,
1172 240 1357 289 insula?
1387 242 1511 292 dixi:

272 302 468 352 Laberis
488 305 536 351 in
557 320 727 366 magno
748 305 979 365 numquid,
1005 311 1055 352 ut
1076 303 1197 363 ante,
1220 306 1368 354 inari?

193 366 477 416 Institeram
501 377 645 425 terrae,
669 366 773 425 cnm
786 370 899 433 jam,
921 368 1063 432 prope
1084 372 1186 418 luce
1206 371 1402 434 peracta,

272 432 482 482 Demere
502 435 737 496 purpureis
761 434 844 482 Sol
854 436 973 497 juga
994 436 1133 483 vellet
1154 438 1311 498 equis:
1463 486 1482 493 ,,

197 497 347 554 Quos
368 500 486 546 idem
510 500 666 546 solitos
686 508 925 561 postquam
948 502 1177 559 revoeavit
1199 503 1256 549 ad
1276 510 1417 560 ortus,

274 562 538 613 Comuntur
560 573 742 620 nostrae,
765 572 910 612 matre
919 565 1123 628 jubente,
1148 583 1307 615 comae.

108 664 115 670 .
197 627 322 694 Ipsa
343 630 466 677 dedit
485 645 688 692 gemmas
711 630 880 691 digitis,
903 638 951 678 et
973 632 1169 685 crinibus
1191 648 1378 681 aurum:

273 692 348 743 Et
367 702 519 742 vestes
540 695 738 742 humeris
757 695 905 742 induit
926 696 1024 758 ipsa
1043 698 1171 744 meis.
1482 683 1552 748 96

201 760 433 810 Protinus
455 775 653 823 egressae
677 759 873 821 Superis,
903 762 1063 822 quibus
1085 762 1231 809 insula
1251 778 1377 811 sacra
1398 770 1481 820 est,

276 824 427 873 Flava
447 826 652 873 salutatis
674 832 775 871 tura
796 841 1061 888 merumque
1082 827 1254 874 damus.

201 889 433 953 Dumque
452 905 616 954 parens
637 905 736 936 aras
757 890 913 938 votivo
934 892 1157 953 sanguine
1179 893 1362 956 tinguit,
1427 947 1434 953 ,
1481 880 1486 884 ’
1527 926 1552 953 ,,

275 954 506 1018 Festaque
527 954 909 1017 fumosis-ingerit
929 963 1038 1003 exta
1058 956 1171 1005 focis
1188 975 1205 1015 3

212 1020 389 1069 Sedula
407 1037 482 1069 me
503 1021 656 1068 nutrix
679 1019 787 1067 alias
807 1036 987 1082 quoque
1008 1021 1132 1068 ducit
1146 1022 1194 1069 in
1217 1023 1351 1078 aedes,

279 1086 592 1148 Erramusque
614 1100 735 1148 vago
756 1101 837 1148 per
857 1086 961 1132 loca
981 1101 1107 1134 sacra
1129 1088 1257 1150 pede.
1534 1143 1542 1150 .

208 1150 281 1200 Et
302 1149 440 1199 modo
460 1151 705 1216 porticibus
727 1151 909 1214 spatior,
932 1150 1069 1198 mod&
1091 1167 1279 1200 munera
1299 1168 1460 1216 regum
1545 1188 1550 1197 ,

277 1217 458 1265 Miror:
498 1225 545 1264 et
565 1218 612 1263 in
636 1217 810 1263 cunctis
833 1218 999 1264 stantia
1020 1217 1152 1280 signa
1171 1218 1299 1276 locis.

208 1281 368 1330 Miror
388 1290 436 1330 et
455 1282 704 1331 innumeris
725 1288 943 1329 structam
967 1282 1023 1328 de
1044 1282 1254 1330 cornibus
1276 1299 1414 1340 aram,

275 1346 345 1396 Et
366 1347 424 1395 de
444 1346 533 1409 qua
553 1348 731 1410 pariens
753 1349 911 1395 arbore
934 1348 1043 1397 nixa
1064 1345 1171 1407 Dea
1186 1355 1270 1396 est.
1320 1366 1324 1370 ’
1451 1351 1548 1397 100

210 1411 281 1461 Et
300 1428 406 1474 quae
426 1421 645 1476 praeterea
670 1413 839 1475 (neque
861 1413 983 1460 enim
1006 1414 1265 1470 meminive,
1285 1413 1467 1471 libetve,
1541 1433 1552 1469 2

277 1477 512 1540 Quidquid
533 1479 592 1525 ibi
615 1478 721 1534 vidi,
746 1477 916 1540 dicere)
942 1477 1090 1526 Delos
1113 1480 1259 1526 habet.

212 1541 428 1592 Forsitan
448 1545 547 1591 baec
571 1550 792 1605 spectans,
817 1541 843 1590 ὲ
864 1550 912 1590 te
933 1545 1177 1605 spectabat,
1202 1545 1407 1603 Aconti;
1499 1597 1506 1605 ἱ
1545 1592 1551 1601 ,

277 1607 482 1671 Visaque
498 1609 761 1671 simplicitas
784 1616 855 1656 est
875 1624 977 1656 mea
997 1626 1131 1671 posse
1153 1610 1265 1672 capi.

214 1674 274 1723 In
293 1675 513 1737 templum
536 1675 683 1728 redeo,
706 1674 918 1735 gradibus
942 1674 1145 1730 sublime,
1170 1673 1353 1722 Dianaet

275 1739 444 1788 Tutior
464 1741 553 1787 hoc
574 1738 728 1799 ecquis
750 1738 904 1785 debuit
923 1754 1024 1785 esse
1044 1739 1173 1786 locus
1185 1738 1208 1783 ἰ’

214 1802 419 1855 Mittitur
441 1812 549 1852 ante
567 1803 706 1865 pedes
727 1803 911 1859 malum,
935 1817 1040 1850 cum
1063 1804 1260 1850 carmine
1280 1803 1374 1857 tali,

281 1868 377 1918 Hei
396 1870 508 1917 mihi
528 1869 539 1918 !
567 1869 721 1931 juravi
742 1883 864 1914 nunc
886 1883 1065 1930 quoque
1084 1865 1201 1932 pene
1224 1868 1319 1914 tibi.

219 1936 409 1986 Sustulit
428 1937 516 1983 hoc
539 1933 707 1988 nutrix,
725 1933 986 1994 mirataque,
1013 1932 1220 1998 Perlege,
1243 1933 1370 1981 dixit.
1537 1988 1546 1994 .

280 2000 473 2049 Insidias
493 2000 600 2062 legi,
625 2013 792 2061 magne
812 1999 973 2061 poetar
982 2005 1098 2047 tuas.
1454 1998 1554 2043 110

218 2066 419 2116 Nomine
441 2065 641 2128 conjugii
664 2063 799 2119 dicto,
823 2063 1014 2111 confusa
1033 2064 1205 2127 pudore
1557 2087 1561 2090 ⁴

285 2133 414 2179 Sensi
436 2147 511 2178 me
533 2130 643 2178 totis
665 2130 898 2177 erubuisse
918 2129 1078 2191 genis:

221 2197 502 2257 Luminaque
521 2195 570 2242 in
591 2195 780 2258 gremio,
803 2195 946 2241 veluti
968 2192 1128 2251 defixa,
1150 2193 1359 2240 tenebam
1376 2207 1395 2250 ς

285 2261 480 2309 Lumina
499 2260 715 2323 propositi
737 2259 858 2307 facta
878 2260 1083 2307 ministra
1105 2258 1186 2305 tui.

222 2327 442 2390 Improbe,
460 2326 568 2387 quid
588 2324 792 2387 gaudes?
825 2332 904 2372 aut
926 2341 1029 2387 quae
1046 2324 1125 2371 tibi
1140 2321 1288 2385 gloria
1301 2327 1432 2384 parta
1446 2318 1551 2370 est?

286 2392 465 2447 Quidve
486 2391 556 2438 vir
578 2386 704 2436 'elusa
724 2391 902 2452 virgine
921 2389 1066 2437 laudis
1087 2388 1224 2435 habes
1238 2386 1262 2432 ’ἑ

224 2457 333 2508 Non
354 2472 442 2520 ego
464 2456 754 2504 constiteram
778 2453 928 2502 sumta
947 2454 1118 2517 peltata
1139 2452 1318 2511 securi3

288 2523 445 2578 Qualis
468 2521 515 2568 in
538 2518 679 2567 Iliaco
704 2518 993 2567 Penthesilea
1014 2519 1126 2567 solo·

226 2587 388 2638 Nullus
411 2585 673 2635 Amazonio
696 2585 883 2631 caelatus
901 2585 1081 2632 balteus
1102 2599 1228 2640 auro,

289 2654 416 2704 Sicut
435 2652 492 2701 ab
515 2649 785 2719 Hippolyte,
805 2649 963 2718 praeda
983 2650 1123 2703 relata
1141 2650 1223 2701 tibi
1243 2653 1329 2700 est.
1463 2647 1558 2711 120
