1867 2942
335 148 445 194 ‚196
585 152 598 162 ·
686 123 1401 194 P.0V1·D11NAsoms·-·
1493 164 1501 167 —

352 270 492 320 Hanc
511 273 755 321 matutinos
774 281 962 336 pectens
983 275 1145 323 ancilla
1163 274 1346 337 capillos
1413 274 1420 279 “

335 359 342 366 “
417 336 608 385 Incitet:
646 350 693 386 et
715 340 815 386 velo
837 341 1021 402 remigis
1040 340 1173 387 addat
1191 356 1338 402 opem.

352 401 432 458 Et,
456 419 609 450 secum
624 405 747 452 tenui
771 406 1001 466 suspirans
1020 420 1260 461 murmure,
1283 406 1432 462 dicat;

419 467 489 514 Ut
508 477 631 531 puto,
654 484 746 518 non
766 471 932 532 poteris
953 471 1049 532 ipsa
1069 469 1235 517 referre
1253 469 1416 516 vicem.
1579 468 1678 514 370

353 530 478 579 Tum
497 534 556 581 de
577 541 624 582 te
645 542 822 584 narret:
862 542 960 581 tum
982 534 1292 597 persuadentia
1310 535 1451 584 verba
1651 537 1661 548 ”

418 597 596 660 Addat5
620 607 666 645 et
679 596 843 647 'insano
855 600 982 662 juret
1002 614 1154 646 amore
1174 600 1304 645 mori.

352 661 445 709 Sed
464 675 665 724 propera,
688 679 745 711 ne
759 664 863 711 vela
880 665 1055 720 cadant,
1078 679 1289 725 auraeque
1309 662 1522 710 residant.

422 726 492 773 Ut
509 727 679 791 fragilis
699 728 881 791 glacies,
902 729 1056 776 interit
1075 730 1143 775 ira
1162 727 1304 777 motii.

354 791 548 848 Quaeris,
572 809 630 840 an
650 794 766 840 hanc
786 794 927 855 ipsam
948 794 1091 856 prosit
1102 793 1268 850 ,vitiare
1287 791 1573 841 ministram?

417 856 602 904 Talibus
622 858 826 904 admissis
845 859 942 905 alea
961 855 1145 920 grandis
1164 859 1297 906 inest.

356 919 479 969 Haec
499 920 527 968 ὲ
547 923 784 970 concubitu
805 922 858 969 fit
879 924 1034 970 sedula
1045 940 1061 979 ;
1095 923 1264 970 tardior
1282 923 1359 969 illa
1371 940 1385 969 ι

371 1003 376 1008 ·
419 986 541 1034 Haec
563 987 757 1035 dominae
777 1003 945 1035 munus
965 994 1012 1034 te
1026 994 1164 1051 parat,
1184 987 1267 1034 illa
1285 988 1382 1035 sibi.

357 1048 504 1100 Casus
525 1053 571 1098 In
593 1059 760 1100 eventu
780 1059 863 1099 est.
898 1050 1035 1099 Licet
1053 1053 1152 1099 haec
1172 1052 1406 1115 indulgeat
1426 1052 1582 1110 ausis;

421 1116 673 1165 Consilium
694 1125 845 1164 tamen
866 1126 937 1164 est
957 1118 1223 1165 abstinuisse
1241 1132 1408 1164 meum.
1581 1120 1681 1163 380

350 1179 465 1229 Non
487 1197 574 1243 ego
594 1198 674 1243 per
693 1197 894 1244 praeceps
912 1189 962 1229 et
981 1189 1112 1230 acuta
1132 1183 1367 1229 cacumina
1385 1181 1577 1229 vadam:

418 1245 524 1293 Nec
539 1248 758 1310 juvenum
780 1247 1029 1308 quisquam,
1052 1261 1126 1293 me
1147 1246 1274 1302 duce,
1297 1254 1457 1309 captus
1476 1247 1581 1294 erit.

352 1309 406 1359 si
426 1317 578 1358 tamen
599 1312 676 1359 illa
695 1312 786 1368 tibi,
808 1312 917 1359 dum
939 1312 1037 1367 dat,
1050 1312 1294 1374 recipitque
1313 1311 1513 1367 tabellas,

419 1373 636 1438 Corpore,
658 1391 750 1423 non
773 1378 950 1424 tantum
973 1377 1220 1432 sedulitate,
1241 1378 1416 1439 placet;

353 1438 449 1488 Fac
470 1439 654 1488 domina
672 1442 843 1503 potiare
861 1441 1017 1503 prizis3
1051 1456 1205 1489 comes
1225 1443 1302 1488 illa
1322 1449 1548 1503 sequatur.

418 1504 530 1552 Non
552 1505 630 1551 tibi
653 1507 709 1553 ab
728 1504 889 1553 ancilla
909 1515 982 1554 est
1001 1507 1253 1569 incipienda
1270 1505 1448 1554 >Venus-

355 1567 465 1616 Hoc
487 1583 627 1616 unum
649 1586 813 1618 moneo
835 1571 898 1635 (si
914 1571 1024 1633 quid
1042 1570 1177 1619 modo
1198 1572 1393 1619 creditur
1410 1571 1525 1628 arti;

335 1653 346 1666 ν
418 1633 522 1681 Nec
543 1650 645 1681 mea
664 1636 783 1683 dicta
800 1651 939 1698 rapax
958 1653 1038 1699 per
1052 1652 1178 1684 mare
1196 1643 1362 1684 ventus
1380 1633 1514 1699 agit.)

354 1700 454 1748 Aut
474 1715 567 1747 non
589 1700 786 1756 tentaris,
809 1709 887 1748 aut
906 1701 1082 1764 perfice.
1116 1701 1314 1749 Tollitur
1334 1702 1472 1749 index
1484 1734 1501 1759 ,

421 1762 541 1815 cum
563 1767 701 1815 semel
723 1768 771 1813 in
790 1774 964 1828 partem
979 1767 1178 1813 criminis
1197 1767 1296 1829 ipsa
1313 1767 1454 1815 venit.
1579 1768 1686 1813 390

353 1828 466 1877 Non
489 1830 585 1878 avis
606 1831 776 1878 utiliter
795 1832 979 1879 viscatis
999 1831 1160 1894 effugit
1180 1832 1293 1878 alis:

418 1894 530 1951 Non
551 1896 665 1943 bene
685 1897 742 1944 de
761 1897 876 1943 laxis
896 1897 1093 1943 cassibus
1109 1898 1204 1943 exit
1224 1911 1345 1959 aper.

357 1960 549 2008 Saucius
570 1968 746 2023 arrepto
760 1960 895 2023 piscis
917 1969 1121 2008 teneatur
1142 1962 1198 2008 ab
1218 1962 1370 2008 hamo.

421 2022 653 2087 Perprime
672 2032 916 2074 tentatam:
954 2041 1053 2081 nec,
1076 2027 1161 2072 nisi
1183 2027 1340 2080 victor,
1362 2026 1445 2073 abi.

335 2088 476 2138 ·Tum
499 2106 646 2151 neque
666 2098 713 2137 te
732 2092 891 2152 prodet
911 2092 1141 2138 communi
1154 2091 1356 2154 ⁴obnoxia
1375 2090 1544 2151 culpoe:
1576 2109 1583 2116 ·

337 2177 342 2184 ·
420 2154 647 2217 Factaque
667 2163 802 2202 erunt
820 2156 1016 2203 dominae
1036 2156 1241 2217 dictaque
1261 2162 1370 2203 nota
1387 2156 1484 2202 tibi.

354 2219 447 2268 Sed
461 2221 574 2267 bene
595 2221 777 2267 celetur.
808 2220 938 2268 Bene
960 2222 998 2266 si
1021 2221 1232 2268 celabitur
1250 2220 1400 2275 index,

419 2283 611 2333 Notitiae
632 2286 801 2333 suberit
822 2300 998 2348 semper
1019 2288 1161 2333 amica
1182 2294 1287 2332 tuse.

350 2346 580 2410 Tempora
599 2351 674 2411 qui
696 2350 804 2399 solis
823 2366 1014 2413 operosa
1032 2351 1280 2398 colentibus
1301 2365 1422 2406 arva,

419 2412 622 2470 Fallitur,
644 2421 691 2460 et
711 2415 859 2462 nautis
878 2415 1160 2477 adspicienda
1179 2421 1321 2477 putat.
1575 2417 1680 2461 400

353 2476 458 2524 Nec
480 2491 655 2539 semper
674 2479 898 2530 credenda
919 2478 1060 2532 Ceres
1080 2479 1310 2527 fallacibus
1332 2479 1452 2527 arvis
1465 2497 1481 2525 ι

419 2539 522 2586 Nec
542 2557 718 2603 semper
737 2544 868 2590 viridi
888 2559 1086 2591 concava
1105 2545 1265 2607 puppis
1284 2559 1428 2605 aquae.

299 2643 304 2647 ,
339 2601 467 2651 -Nec'
481 2602 657 2652 teneras
677 2621 853 2668 semper
873 2615 1020 2655 tutum
1042 2613 1219 2671 captare
1238 2608 1423 2671 puellas.

420 2666 553 2729 Saepe
572 2669 676 2718 dato
696 2670 856 2719 melius
877 2678 1081 2736 tempore
1099 2672 1178 2721 fiet
1198 2673 1331 2722 idem.
