1867 2942
327 170 394 214 40
690 162 747 213 P.
779 160 1012 213 OVIDII
1044 158 1347 212 NASOle

330 294 500 344 Nullus
519 301 638 341 erat:
677 295 1102 356 referoque-manus,
1123 295 1376 354 iterumque
1396 298 1601 350 retento,
1630 292 1651 333 ἶ

399 359 575 421 Perque
594 366 743 406 torum
762 376 926 407 moveo
940 361 1142 406 brachia:
1183 359 1333 405 nullus
1353 365 1463 405 erat.

329 424 589 474 Excussere
608 432 755 472 metus
776 440 997 471 somnum.
1045 422 1304 472 Conterrita
1323 438 1483 486 surgo:

348 520 355 523 -
398 488 692 550 Membraque
712 497 817 536 sunt
836 490 973 536 viduo
992 489 1265 551 praecipitata
1284 494 1402 533 toro.

332 552 548 602 Protinus
569 554 768 600 adductis
789 561 1034 600 sonuerunt
1055 561 1236 616 pectora
1254 553 1414 615 palmis
1427 569 1442 599 t

399 618 555 681 thue
575 627 670 665 erat
690 616 716 665 ὲ
739 634 896 665 somno
917 620 1102 672 turbida,
1128 625 1251 679 rapta
1271 631 1402 663 coma
1420 623 1507 664 est.

333 682 469 732 Luna
487 684 598 730 fuit:
638 691 802 745 specto,
827 685 863 730 si
890 684 1009 744 quid,
1033 685 1118 728 nisi
1140 684 1283 736 litora,
1305 696 1501 728 cernam.

400 749 539 804 Quod
558 749 739 795 videant
760 749 888 803 oculi,
913 749 989 802 nil,
1013 749 1098 794 nisi
1118 748 1236 802 litus,
1260 748 1437 792 habent.

331 811 474 863 Nunc
494 814 594 869 huc,
618 828 738 861 nunc
756 814 876 868 illuc,
899 821 947 860 et
967 820 1167 873 utroque,
1193 812 1290 858 sine
1310 811 1478 869 ordine,
1501 824 1669 858 curro:

397 879 511 927 Alta
528 879 745 942 puellares
765 880 910 925 tardat
930 893 1064 925 arena
1082 878 1232 940 pedes.
1603 880 1677 923 20

333 942 516 993 Interea
535 952 632 991 toto
654 945 861 1002 clamanti
881 943 1024 1007 litore,
1048 941 1243 997 Theseu,

399 1009 665 1057 Reddebant
684 1024 849 1055 nomen
870 1023 1068 1055 concava
1089 1022 1197 1055 saxa
1214 1014 1371 1053 tuum:

332 1074 403 1124 Et
422 1075 596 1135 quoties
617 1089 704 1135 ego
725 1081 784 1128 te,
806 1075 941 1120 toties
962 1073 1089 1120 locus
1109 1074 1205 1135 ipse
1225 1073 1428 1119 vocabat.

399 1137 507 1201 Ipse
526 1139 651 1185 locus
672 1138 849 1184 miserae
868 1137 987 1185 ferre
1006 1138 1184 1185 volebat

335 1202 480 1252 Mons
499 1203 614 1260 fuit;
647 1202 860 1265 adparent
877 1202 1093 1249 frutices'
1080 1217 1127 1249 ιιι
1149 1203 1320 1249 vertice
1338 1201 1448 1248 rari.

401 1267 529 1315 Hinc
550 1267 757 1329 scopulus
777 1268 923 1315 raucis
942 1268 1107 1329 pendet
1125 1268 1286 1318 adesus
1303 1267 1446 1327 aquis.

334 1333 590 1388 Adscendo,
617 1333 757 1395 (vires
778 1332 953 1379 animus
973 1330 1125 1392 dabat)
1150 1339 1285 1392 atque
1304 1331 1368 1377 ita
1381 1325 1534 1381 late

400 1398 608 1458 AEquora
628 1405 862 1460 prospectu
878 1399 1039 1443 metior
1060 1396 1153 1443 alta
1171 1411 1289 1443 meo.

333 1460 452 1521 Inde
471 1478 559 1524 ego
583 1463 709 1538 (narn
732 1464 878 1509 ventis
894 1476 1072 1522 quoque
1093 1476 1192 1508 sum
1214 1460 1464 1508 crudelibus
1485 1456 1592 1521 usa)

400 1526 510 1573 Vidi
530 1527 746 1588 praecipiti
769 1529 950 1573 carbasa
972 1533 1095 1572 tenta
1115 1525 1258 1573 Noto.
1600 1528 1676 1574 30

335 1592 437 1646 Aut
456 1591 574 1638 vidi:
613 1599 691 1638 aut
711 1592 858 1646 etiam,
882 1589 987 1637 edm
1009 1606 1084 1637 me
1099 1591 1270 1639 vidisse
1288 1596 1506 1653 putarem,
1655 1610 1660 1619 ·

403 1655 628 1719 Frigidior
647 1656 793 1718 glacie
814 1656 1159 1716 semanimisque
1176 1655 1260 1703 fui.

334 1720 440 1771 Nec
455 1722 670 1783 languere
690 1721 766 1767 diu
786 1722 952 1783 patitur
973 1722 1112 1768 dolor.
1166 1720 1359 1767 Excitor
1378 1719 1472 1775 illo,

400 1787 604 1840 Excitor,
628 1793 675 1832 et
687 1784 862 1833 summa
881 1785 1062 1833 Thesea
1081 1800 1195 1833 voce
1217 1801 1344 1832 voco·

337 1850 446 1908 Qud
466 1851 616 1915 fingis?
637 1852 867 1898 exclamo·
896 1852 1122 1907 scelerate,
1147 1857 1382 1905 revertere,
1405 1847 1604 1897 Theseu.

401 1916 558 1964 Flecte
579 1923 746 1963 ratem.
774 1931 1009 1964 numerum
1033 1931 1125 1963 non
1146 1916 1277 1962 habet
1297 1914 1373 1961 illa
1394 1929 1540 1961 suum.

335 1978 460 2031 Haec
481 1998 581 2044 ego.
631 1981 769 2036 Quod
788 1983 890 2028 voci
911 1981 1074 2034 deerat,
1095 1981 1313 2042 plangore
1334 1979 1571 2042 replebam.

401 2046 603 2094 Verbera
623 2060 724 2092 cum
746 2046 892 2093 verbis
913 2047 1056 2092 mixta
1075 2045 1200 2092 fuere
1219 2045 1346 2091 meis·
1383 2059 1387 2064 ·

337 2112 387 2161 si
408 2126 502 2158 non
522 2111 709 2166 audires,
733 2119 785 2157 ut
806 2111 965 2157 aaltem
985 2125 1169 2158 cernere
1186 2124 1355 2172 posses,

396 2175 591 2226 Jactatae
610 2173 701 2222 late
722 2177 854 2237 signa
873 2173 1035 2221 dedere
1053 2189 1226 2221 manus.
1605 2176 1676 2220 40

336 2239 628 2301 Candidaque
646 2240 835 2302 imposui
856 2239 1011 2300 longae
1030 2239 1253 2285 velamina
1271 2239 1429 2301 virgae,
1559 2260 1567 2265 ·
1605 2253 1610 2259 ’
1658 2246 1662 2253 “

402 2306 583 2354 Scilicet
603 2305 763 2355 oblitos
783 2304 1062 2350 admonitura
1082 2305 1185 2350 mei.

333 2371 530 2432 Jamque
550 2370 692 2417 oculis
713 2377 890 2430 ereptus
910 2383 1035 2414 eras.
1073 2375 1172 2415 tum
1193 2368 1383 2428 denique
1404 2365 1527 2413 flevi.

398 2434 683 2496 Torpuerant
703 2434 861 2480 molles
882 2429 989 2480 ante
1010 2432 1163 2480 dolore
1183 2447 1334 2495 genae.

337 2494 465 2557 Quid
484 2499 633 2561 potius
652 2499 863 2552 facerent,
885 2513 1020 2558 quam
1041 2513 1115 2544 me
1135 2512 1238 2544 mea
1255 2496 1426 2544 lumina
1443 2493 1619 2550 flerent.

398 2563 647 2623 Postquam
668 2562 891 2610 desierant
910 2561 1014 2608 vela
1030 2561 1183 2608 videre
1202 2560 1315 2606 tua?

333 2629 433 2680 Aut
454 2643 541 2689 ego
562 2625 732 2671 diffinis
752 2627 897 2673 erravi
919 2626 1015 2672 sola
1033 2625 1218 2687 capillis,

399 2641 1398 2754 QualisahOgygioeoncitaBacchaDeo·
