1867 2942
382 170 479 215 220
714 164 771 215 P.
804 163 1035 214 ovmn
1067 163 1366 214 NASONIS

384 296 508 352 Quid
526 295 726 345 facerent
737 295 762 341 Ρ
793 296 879 358 ipsi
898 296 1024 343 nullo
1044 296 1238 344 didicere
1257 297 1479 358 magistro
1491 314 1508 343 τ

448 362 565 409 Arte
587 360 747 408 Venus
768 360 892 407 nulla
911 361 1043 412 dulce
1061 362 1237 424 peregit
1257 376 1384 424 opus.

383 426 498 474 Ales
518 427 663 482 habet,
685 427 805 487 quod
825 433 971 473 amet·
1012 441 1115 472 cum
1137 442 1227 487 quo
1249 442 1331 476 sua
1350 425 1518 488 gaudia
1526 428 1718 491 jungat,

450 489 664 537 Invenit
652 507 698 537 in
685 442 869 538 qmedia
889 490 1057 537 femina
1076 492 1211 553 piscis
1232 506 1360 552 aqua.

385 554 535 605 Cerva
553 566 705 618 parem
728 556 961 616 sequitur3
995 570 1180 617 serpens
1201 563 1407 619 serpente
1427 562 1646 604 tenetur·

449 619 614 667 Haeret
633 621 850 667 adulterio
871 636 976 667 cum
999 636 1111 667 cane
1131 635 1250 667 nexa
1270 621 1407 667 canis.

384 684 520 732 Laeta
540 685 696 732 salitur
717 686 844 733 ovis:
884 693 1013 734 tauro
1034 701 1212 746 quoque
1230 686 1367 733 laeta'
1347 700 1553 748 juvenen
1573 693 1682 734 est·

450 750 654 797 Sustinet
673 750 953 797 immundum
977 750 1090 796 sima
1110 751 1279 812 capella
1300 765 1486 800 marem.

386 813 444 861 In
464 814 602 862 furias
625 817 851 878 agitantur
871 829 1014 876 equae,
1038 815 1269 877 spatioque
1288 821 1463 861 remota

450 879 542 927 Per
561 880 663 927 loca
682 880 885 927 dividuos
907 895 1041 927 amne
1062 888 1310 940 sequuntur
1326 895 1479 940 equos.

487 962 515 991 ο
537 960 652 1007 age3
686 953 733 992 et
753 947 880 992 iratae
900 944 1196 994 medicamina
1214 944 1350 990 fortia
1368 944 1542 1006 praebe:

495 1010 641 1057 la‘feri
664 1011 859 1070 requiem
884 1010 981 1057 sola
1001 1009 1167 1056 doloris
1189 1009 1367 1056 habent.
1616 1013 1718 1058 490

385 1073 474 1122 Illa
497 1074 793 1121 Machaonios
791 1080 1025 1153 superant
1047 1074 1342 1120 medicamina
1362 1088 1550 1120 succos.

452 1138 557 1194 His,
583 1139 656 1184 ubi
674 1137 889 1218 peccaris,
913 1138 1215 1185 restituendus
1237 1139 1340 1184 eris.

388 1202 509 1252 Haec
531 1220 618 1266 ego
640 1201 743 1249 crim
766 1218 985 1256 canerem,
1009 1200 1156 1250 subito
1176 1202 1440 1250 manifestus
1460 1201 1637 1265 Apollo

452 1268 608 1318 Movit
627 1268 843 1315 inauratae
862 1266 1025 1330 pollice
1044 1265 1120 1313 fila
1138 1266 1269 1327 lyrae.

384 1332 443 1381 In
465 1334 668 1380 manibus
687 1333 865 1379 laurus:
905 1331 1045 1378 sacris
1063 1331 1247 1378 inducta
1266 1333 1437 1395 capillis

452 1397 636 1445 Laurus
650 1404 774 1444 erat:
813 1404 941 1444 vates
961 1396 1037 1442 ille
1058 1397 1285 1448 videndus,
1299 1398 1408 1459 agit.

385 1462 437 1511 Is
458 1463 582 1516 mihi,
606 1460 802 1516 Lascivi,
824 1462 952 1516 dixit,
972 1469 1222 1524 praeceptor
1243 1461 1443 1518 Amoris,

450 1526 573 1582 Duc,
597 1542 706 1588 age..
718 1525 959 1588 discipulos
979 1527 1036 1573 ad
1056 1542 1159 1574 mea
1177 1528 1344 1591 templa
1363 1534 1481 1575 tuos.

384 1591 476 1642 Est
496 1592 556 1639 ibi
578 1592 803 1642 diversum
822 1589 943 1642 fama
964 1592 1184 1642 celebrata
1202 1595 1283 1655 pei·
1303 1594 1456 1644 orbem

451 1657 630 1716 Litera;
665 1658 877 1721 cognosci
899 1672 1006 1718 quae
1029 1657 1110 1704 sibi
1132 1673 1355 1719 quemque
1364 1659 1508 1721 Jubet.
1609 1661 1712 1708 500

387 1722 482 1779 Qui
505 1724 586 1770 sibi
608 1735 743 1770 notus
764 1723 861 1778 erit,
883 1723 1011 1769 solus
1031 1723 1252 1799 sapienter
1271 1723 1464 1781 amabit;

381 1809 385 1814 ’
451 1788 606 1851 Atque
626 1803 738 1850 opus
759 1788 816 1834 ad
836 1788 956 1840 vires
977 1788 1130 1850 exiget
1151 1803 1286 1835 omne
1308 1804 1426 1835 suas.

388 1851 479 1903 Cui
498 1854 661 1906 faeiem
683 1860 842 1900 natura
861 1852 996 1907 dedit,
1019 1859 1245 1914 spectetur
1265 1853 1321 1900 ab
1341 1850 1443 1900 illa.

451 1916 541 1967 Cui
562 1919 686 1970 color
705 1925 788 1973 est,
810 1919 997 1965 humero
1019 1933 1140 1980 saepe
1152 1926 1342 1980 patente
1361 1918 1507 1968 cubet.

387 1982 482 2038 Qui
504 1998 710 2031 sermone
729 1983 888 2046 placet,
910 1982 1132 2030 taciturna
1152 1984 1329 2030 silentia
1348 1991 1551 2046 rumpat.

452 2048 546 2103 Qui
568 2049 689 2116 canit
710 2055 817 2103 arte,
841 2055 1000 2096 canat.
1041 2049 1117 2109 qui
1137 2049 1246 2095 bibit
1267 2055 1373 2103 arte,
1397 2048 1535 2096 bibat.

387 2114 478 2163 sed
499 2128 643 2175 neque
644 2107 916 2160 declament
937 2113 1084 2160 medio
1107 2128 1314 2160 sermone
1336 2113 1518 2162 diserti:

383 2234 388 2238 ²
452 2177 555 2225 Nec
578 2191 659 2225 sua
680 2194 771 2225 non
794 2193 928 2225 sanus
952 2179 1116 2240 scripta
1137 2178 1272 2241 poeta
1289 2178 1428 2239 legat.

386 2243 463 2292 Sic
485 2244 661 2290 monuit
683 2242 910 2290 Phoebus.
952 2242 1129 2289 Phoebo
1149 2251 1302 2305 parete
1323 2243 1542 2292 monenti.

453 2306 592 2357 Certa
616 2305 709 2355 Dei
731 2323 857 2355 sacro
880 2315 950 2354 est
970 2308 1102 2370 huJus
1122 2309 1169 2354 in
1194 2324 1272 2354 ore
1291 2306 1417 2354 fides.
1614 2311 1714 2357 510

385 2372 462 2420 Ad
502 2373 689 2447 ‘ropiora
708 2388 861 2419 vocor.
905 2372 1122 2433 Quisquis
1140 2374 1365 2434 sapienter
1385 2373 1567 2429 amabit,

500 2437 634 2491 incet,
658 2444 705 2483 et
726 2452 754 2482 e
775 2434 944 2490 nostra,
966 2438 1085 2498 quod
1106 2444 1241 2499 petet,
1263 2444 1359 2484 arte
1379 2437 1509 2484 feret.

389 2497 573 2548 Credita
593 2516 677 2547 nec
699 2516 873 2562 semper
894 2500 1006 2547 sulci
1028 2516 1131 2546 cum
1153 2500 1330 2547 soenore
1352 2501 1579 2550 reddunt.

453 2561 557 2609 Nec
578 2578 753 2625 semper
773 2565 929 2611 dubias
950 2564 1131 2627 adjuvat
1151 2579 1261 2612 aura
1281 2573 1413 2613 rates.

390 2624 528 2680 Quod
540 2627 686 2688 juvat,
708 2628 949 2689 exiguum3
983 2630 1082 2690 plus
1104 2636 1186 2683 est,
1208 2630 1347 2688 quod
1351 2630 1478 2678 laedit
1490 2639 1713 2686 amantes.

455 2686 717 2751 Proponant
736 2692 887 2740 animo
908 2693 1051 2745 multa
1068 2692 1253 2742 ferenda
1272 2709 1371 2744 suo.
1618 2739 1625 2746 ,
