1867 2942
1214 40 1226 67 i

563 141 941 197 HEROIDES.
974 146 1133 197 Eam·
1156 142 1304 197 VIII.
1531 149 1597 194 ³3

255 276 363 326 Nec
382 277 554 327 virtute
575 294 725 328 cares:
763 295 890 327 arma
910 281 1136 327 invidiosa
1156 279 1314 326 tulisti.

323 343 416 392 Sed
434 351 488 392 tu
509 346 617 407 quid
638 342 811 393 faceres
823 346 846 390 Ρ
880 347 1027 393 induit
1045 346 1124 393 illa
1143 353 1285 408 pater.
1532 346 1599 391 50

255 407 459 456 Materia
478 411 641 458 vellem
664 410 796 458 fortis
817 411 1006 458 meliore
1026 410 1223 458 fuisses:
1276 418 1284 425 '
1439 455 1443 460 .

325 473 462 539 (Non
484 476 602 523 lecta
620 483 705 531 est,
730 478 853 538 operi
877 477 958 523 sed
967 477 1084 524 data
1104 492 1264 527 caussa
1283 473 1400 536 tuo.)

258 537 573 588 Hane·tamen
596 540 818 603 implesti;
848 542 1108 604 juguloque
1129 541 1404 604 AEgysthus„
1417 546 1574 604 aperto

323 604 471 652 Tecta
493 608 759 662 cruentavit,
782 623 886 669 quae
908 614 1036 669 pater
1056 605 1165 655 ante
1187 614 1309 655 tuus.
1398 608 1406 621 '
1561 658 1574 671 ‚

256 668 477 733 Increpat
497 664 727 727 AEacides,
750 673 1019 734 laudemque
1038 674 1088 718 in
1110 674 1301 720 crimina
1320 672 1483 728 vertit3
1560 677 1578 705 ἲ

234 774 247 790 ,
323 734 392 783 Et
411 743 565 784 tamen
588 739 828 800 adspectus
850 739 1045 785 sustinet
1066 738 1142 784 ille
1163 753 1305 784 meos.

254 799 484 864 Rumpor-¹,
509 809 557 849 et
578 818 659 849 ora
680 804 790 849 mihi
812 804 981 866 pariter
1003 818 1105 849 cum
1130 810 1285 849 mente
1305 806 1596 849 tumescunt:

324 865 610 929 Pectoraque
631 862 818 915 inclusis
839 869 1022 930 ignibus
1044 875 1148 915 usta
1169 868 1340 915 dolent:

258 930 522 980 Hermione
543 932 697 980 coi-am
719 934 1023 994 quidquamne
1044 933 1239 996 objectet
1260 931 1498 981 Orestae?
1524 938 1528 943 '
1563 928 1576 963 ἶ

325 996 431 1044 Nec
453 999 564 1045 mihi
587 1004 694 1044 sunt
714 999 859 1055 vires3
895 1013 982 1044 nec
1001 998 1126 1044 ferus
1148 1000 1271 1045 ensis
1292 998 1435 1045 adest.
1538 1000 1604 1044 60

252 1059 398 1111 'Flere
417 1063 526 1110 licet
547 1062 692 1111 certe:
731 1063 885 1110 flendo
907 1062 1199 1110 diffundimus
1219 1065 1360 1110 iram:

254 1158 265 1164 -
327 1127 509 1190 Perque
532 1130 681 1176 sinum
704 1130 917 1189 lacrimae,
942 1128 1142 1175 fluminis
1163 1131 1320 1183 instar,
1344 1134 1470 1175 eunt.

255 1190 369 1242 Has
391 1194 512 1241 solas
532 1196 676 1242 habeo
699 1210 888 1257 semper,
914 1210 1180 1256 semperque
1200 1194 1426 1257 profundo
1442 1206 1466 1240 ι·
1570 1224 1574 1229 ·

327 1257 543 1306 Hument
563 1261 749 1307 incultae
769 1259 898 1307 fonte
919 1272 1290 1322 perenne‘genae.
1535 1265 1539 1270 '

256 1323 373 1373 Hoc
396 1326 578 1388 generis
596 1326 706 1382 fato,
729 1327 853 1387 quod
874 1335 1057 1388 nostros
1079 1333 1201 1372 errat
1220 1327 1269 1372 in
1293 1338 1452 1380 annos,

321 1389 592 1438 Tantalides
613 1399 780 1439 matres
802 1399 907 1454 apta
929 1393 1085 1453 rapina
1106 1406 1277 1438 sumus.

254 1455 376 1504 Non
399 1452 713 1518 ego'fluminei
736 1457 927 1504 referam
951 1457 1185 1503 mendacia
1206 1457 1379 1519 cygni:

330 1521 436 1568 Nec
458 1538 620 1583 querar
640 1523 688 1569 in
709 1523 876 1585 plumis
899 1523 1129 1570 delituisse
1151 1521 1185 1570 J
1186 1534 1333 1570 ovem.

258 1586 373 1643 Qua
394 1587 484 1634 duo
504 1580 740 1650 porrectus
760 1584 902 1652 longe
916 1588 1038 1635 freta
1057 1589 1243 1635 distinet
1264 1586 1482 1642 Isthmos,

248 1710 255 1719 4
329 1652 482 1700 Vecta
501 1655 752 1716 peregrinis
775 1653 1085 1716 Hippodamia
1106 1655 1234 1700 rotis.
1336 1672 1344 1677 ·
1541 1652 1608 1698 70

262 1716 451 1768 Castori
474 1717 719 1781 Amyclaeo
740 1726 788 1765 et
810 1719 1054 1780 Amyclaeo
1077 1718 1256 1765 Polluci

329 1783 529 1832 Reddita
552 1782 799 1845 Mopsopia
817 1782 1029 1831 Taenaris
1049 1784 1158 1830 urbe
1181 1799 1324 1830 soror.

260 1847 488 1905 Taenaris,
514 1848 641 1896 Idaeo
665 1857 789 1896 trans
812 1865 968 1910 aequor
990 1849 1046 1895 ab
1067 1848 1244 1911 hospite
1266 1854 1408 1911 rapta,

329 1915 576 1978 Argolicas
597 1931 682 1978 pro
706 1930 756 1961 se
774 1915 914 1961 vertit
937 1915 984 1959 in
1008 1929 1133 1960 arma
1153 1929 1331 1960 manus.

260 1978 364 2029 Vix
378 1981 588 2042 equidem
605 1981 813 2027 memini:
853 1979 1042 2026 memini
1059 1976 1236 2025 tamen:
1267 1978 1422 2025 omnia
1441 1976 1608 2032 luctus,

331 2045 503 2094 Omnia
521 2046 704 2093 solliciti
724 2046 859 2107 plena
878 2046 1057 2091 timoris
1069 2052 1222 2091 erant.
1293 2058 1294 2063 ¹

260 2110 431 2160 Flebat
452 2126 585 2168 avus,
605 2110 872 2172 Phoebeque
891 2126 1037 2164 soror,
1057 2106 1312 2170 fratresque
1333 2107 1518 2170 gemelli
1533 2106 1583 2153 εἴ.

331 2175 504 2223 Orabat
525 2192 712 2239 superos
736 2176 878 2232 Leda,
902 2190 1127 2236 suumque
1147 2173 1332 2223 Jovem.
1391 2206 1396 2211 -

262 2240 378 2306 Ipsa
397 2257 500 2304 ego,
524 2256 618 2289 non
638 2242 806 2306 longos
826 2243 964 2289 etiam
988 2252 1110 2287 nunc
1133 2240 1274 2287 scissa
1293 2237 1514 2300 capillos„

333 2305 612 2363 clamabam,
638 2308 749 2355 Sine
770 2323 857 2362 me,
882 2322 958 2354 me
981 2307 1091 2360 sine,
1114 2312 1273 2359 mater,
1299 2302 1429 2350 abis?
1542 2306 1608 2350 80

263 2371 393 2420 Nam
417 2373 586 2433 conjux
607 2372 772 2420 aberat.
840 2372 918 2419 Ne
941 2386 1035 2418 non
1060 2371 1279 2432 Pelopei'a
1300 2368 1474 2425 credar,

333 2437 463 2501 Ecce
484 2437 791 2501 Neoptolemo
812 2438 968 2500 praeda
986 2436 1244 2498 parata‘fui.

267 2501 455 2552 Pelides
475 2503 650 2550 utinam
671 2502 863 2550 vitasset
884 2498 1293 2564 Apollinisarcus!
1385 2516 1388 2521 ⁴
1431 2532 1440 2543 -

333 2567 596 2617 Damnaret
615 2569 710 2615 nati
729 2567 852 2615 facta
869 2575 1084 2630 proterva
1101 2574 1243 2630 pater.

269 2632 377 2682 Nec
398 2634 627 2696 quondam
647 2635 833 2695 placuit,
855 2648 941 2680 nec
954 2635 1052 2696 jam
1073 2634 1316 2695 placuisset
1336 2629 1521 2686 Achilli,

335 2698 549 2748 Abducta
569 2700 755 2748 viduum
779 2700 978 2764 conjuge
997 2697 1111 2747 flere
1130 2700 1295 2748 virum.
