1867 2942
344 157 434 206 1248
487 149 496 158 “
672 150 733 200 Ρ.
759 146 995 200 ovmn
1019 145 1324 197 NAsoms

818 405 1086 458 ELEGIA
1117 404 1184 454 x
1843 383 1854 578 ἲ

343 538 423 589 Tu
444 538 568 594 mihi,
590 544 642 585 tu
663 534 799 594 certe,
825 535 1057 601 (memini)
1084 535 1311 591 Graecine,
1334 536 1551 599 negabas,

411 603 522 652 Uno
543 618 677 666 posse
696 603 888 663 aliquem
909 609 1113 662 tempore
1135 615 1285 647 amare
1304 599 1429 648 duas.

259 655 266 664 x
347 667 440 718 Per
458 674 505 715 te
527 683 616 731 ego
637 668 860 730 decipior:
899 681 981 729 per
1000 672 1049 712 te
1071 666 1314 726 deprensus
1331 665 1537 722 inermis,

409 732 536 781 Ecce
556 734 667 780 duas
687 748 779 780 uno
799 738 1004 793 tempore
1025 731 1169 791 turpis
1189 745 1305 777 amo.

347 796 557 859 Utraque
576 797 776 845 formosa
793 802 886 843 est:
925 809 1130 858 operosae
1149 795 1341 841 cultibus
1361 796 1531 843 amhoez

411 861 613 918 Artibus,
635 862 683 909 in
705 861 838 909 dubio
859 868 946 915 est,
963 861 1066 906 haec
1081 859 1153 914 sit,
1177 875 1235 907 an
1256 859 1345 913 ina,
1368 862 1507 921 prior.

350 925 587 976 Pulchrior
608 925 692 975 hac
713 927 790 974 ins
808 932 898 972 est:
927 927 1028 972 haec
1043 930 1116 972 est
1124 938 1306 986 quoque
1315 923 1662 985 puuchriorillaz

371 1021 374 1030 ·
413 992 482 1040 Et
502 992 649 1053 magis
671 993 770 1041 haec
793 990 935 1044 nobis,
958 996 1007 1036 et
1026 990 1174 1051 magis
1195 989 1272 1035 illa
1290 989 1453 1050 placet.
1848 947 1854 1056 ⁴

350 1055 534 1111 Errant,
558 1063 610 1103 ut
630 1057 778 1103 ventis
800 1054 1075 1101 discordibus
1096 1061 1198 1100 acta
1216 1053 1394 1109 faselos,

413 1120 756 1181 Dividuumque
776 1126 933 1166 tenent
955 1119 1069 1165 alter
1089 1125 1136 1164 et
1157 1118 1271 1164 alter
1291 1133 1433 1165 amor.
1602 1121 1669 1166 lo

350 1184 476 1241 Quid
497 1185 714 1247 geminas,
738 1183 956 1244 Erycina,
979 1198 1106 1229 meos
1127 1183 1227 1229 sine
1244 1182 1336 1229 fine
1356 1182 1572 1231 dolores?

415 1248 586 1297 Nonne
607 1257 704 1296 erat
724 1249 771 1295 in
793 1263 923 1295 curas
945 1262 1037 1294 una
1056 1247 1207 1309 puella
1227 1247 1336 1295 satis
1348 1246 1372 1292 ἓ

352 1313 479 1369 Quid
497 1313 607 1361 folia
626 1314 866 1366 arboribus,
890 1312 999 1376 quid
1018 1312 1154 1373 pleno
1175 1311 1321 1358 sidera
1340 1311 1473 1367 eaelo,

414 1377 474 1425 In
493 1377 611 1425 freta
630 1378 846 1425 collectas
868 1375 959 1424 alta
979 1377 1087 1437 quid
1107 1376 1231 1423 addis
1251 1375 1427 1437 aquas?

351 1444 442 1492 Sed
463 1449 615 1490 tamen
637 1443 723 1490 hoc
746 1442 919 1496 melius,
942 1439 1076 1502 quam
1100 1441 1136 1487 si
1159 1441 1258 1487 sine
1279 1456 1432 1489 amore
1445 1441 1668 1506 jacerem.

416 1507 640 1555 Hostibus
661 1507 840 1554 eveniat
859 1507 955 1553 vita
976 1520 1133 1553 severa
1151 1506 1279 1552 meis.

295 1621 302 1640 ι
351 1571 578 1621 Hostibus
600 1572 781 1618 eveniat
800 1571 937 1618 viduo
959 1571 1153 1617 dormire
1174 1570 1322 1625 cubili,

379 1665 386 1674 =
416 1635 483 1686 Et
503 1636 652 1684 medio
671 1632 777 1685 laxe
796 1651 966 1699 ponere
987 1636 1186 1682 membra
1205 1642 1322 1683 toro.

351 1701 421 1750 At
440 1702 549 1749 mihi
571 1717 721 1750 saevus
742 1717 870 1748 amor
892 1715 1076 1748 somnos
1096 1701 1328 1763 abrumpat
1346 1701 1543 1750 inertesz

417 1766 602 1828 Simque
622 1767 712 1817 mei
733 1767 838 1813 lecti
860 1782 952 1812 non
968 1781 1059 1827 ego
1079 1766 1203 1812 solus
1224 1780 1355 1818 onus.
1601 1769 1670 1814 20

350 1831 439 1884 Me
459 1847 563 1881 mea
575 1831 813 1894 disperdat,
837 1832 962 1878 nullo
981 1831 1256 1893 prohibente,
1278 1830 1440 1893 puella,

418 1896 469 1945 Si
490 1898 598 1944 satis
624 1911 715 1943 una
733 1903 905 1958 potest:
945 1897 984 1943 si
1006 1891 1156 1942 minus
1178 1910 1280 1950 una,
1302 1896 1417 1943 duae.

353 1960 588 2010 Sufficiant
607 1962 813 2023 graciles,
836 1961 917 2007 sed
938 1976 1030 2007 non
1053 1961 1150 2007 sine
1170 1960 1352 2016 viribus,
1375 1965 1521 2007 artmz

369 2041 375 2046 ·
415 2025 635 2082 Pondere,
659 2041 752 2073 non
773 2026 938 2079 nervis,
961 2040 1149 2087 corpora
1168 2034 1326 2073 nostra
1344 2030 1514 2073 carent.

352 2089 420 2139 Et
440 2092 570 2138 lateri
591 2092 710 2139 dabit
730 2091 777 2137 in
799 2092 918 2139 vires
932 2090 1146 2138 alimenta
1165 2090 1388 2153 voluptas.

415 2154 625 2217 Decepta
645 2162 715 2204 est
735 2154 872 2218 opera,
884 2155 1015 2208 ‚num
1033 2154 1184 2216 puella
1203 2153 1320 2201 mea.

351 2219 487 2283 Saepe
508 2236 609 2282 ego,
632 2220 816 2268 lascivae
837 2227 1077 2268 consumto
1098 2227 1301 2280 tempore
1322 2218 1481 2273 noctis,

417 2284 571 2339 Utilis,
593 2292 640 2332 et
659 2285 772 2332 forti
787 2300 976 2346 corpore
994 2280 1130 2331 mane
1149 2283 1228 2331 fui.

346 2347 496 2405 Felix,
514 2365 648 2410 quem
674 2348 868 2396 Veneris
889 2351 1134 2397 certamina
1152 2355 1310 2395 mutua
1329 2345 1569 2409 rumpunt!

413 2412 481 2459 Di
501 2413 679 2468 faciant,
702 2413 779 2460 leti
802 2429 961 2460 caussa
981 2414 1040 2459 sit
1060 2414 1148 2459 ista
1168 2414 1256 2459 mei
1276 2412 1287 2460 !
1599 2414 1671 2459 30

349 2475 518 2525 Induat
539 2478 737 2528 adversis
758 2479 980 2523 contraria
1000 2483 1183 2537 pectora
1202 2477 1304 2523 tells

412 2539 567 2596 Miles,
589 2550 638 2588 et
659 2549 883 2590 aeternum
904 2542 1126 2602 sanguine
1146 2555 1313 2587 nomen
1333 2547 1471 2588 emat.

349 2603 542 2659 Quaerat
560 2619 722 2651 avarus
743 2619 881 2665 opes;
914 2612 963 2652 et
983 2620 1086 2665 quae
1105 2601 1282 2651 lassarit
1303 2606 1473 2653 arando

409 2666 629 2729 AEquora,
650 2669 830 2732 perjuro
849 2669 1095 2734 nauh-ugus
1116 2684 1194 2716 ore
1212 2668 1349 2719 bibat.
