1867 2942
292 121 390 167 m
634 112 691 162 P.
723 110 959 162 ovum
991 108 1291 187 ruscius

289 247 358 297 Et
377 260 583 295 muraena
600 245 745 301 ferox,
767 244 924 292 teretis
946 244 1030 291 sibi
1051 244 1234 291 conscia
1253 243 1389 307 tergi.

292 313 369 361 Ad
390 313 544 365 laxata
562 311 710 374 magis
731 323 953 357 conversa
970 309 1195 357 foramina
1214 309 1338 367 retis,

290 376 503 427 Tandem
521 376 771 440 permultos
791 375 944 422 evadit
963 375 1134 422 lubrica
1154 373 1315 430 flexus,

291 442 611 506 Exemploque
633 448 781 496 nocet,
805 440 982 487 cunctis
1003 440 1247 486 intervenit
1266 454 1374 488 una·

293 505 544 557 At‘contra
564 506 760 569 scopulis
782 505 938 552 crinali
959 519 1148 567 corpore
1170 505 1325 566 segnis
1580 509 1658 554 30

294 566 502 636 Polypus
521 574 679 626 haeret,
702 578 749 618 et
769 573 855 617 hac
875 570 1018 617 eludit
1038 570 1152 617 retia
1169 569 1339 626 fraude,

295 637 365 686 Et
385 639 469 686 sub
489 638 596 700 lege
613 637 705 683 loci
729 636 868 684 sumit
888 643 1127 696 mutatque
1148 635 1373 693 colorem;

297 703 489 766 Semper
509 704 553 750 ei
574 702 746 758 similis,
762 715 896 762 quem
919 700 1127 762 contigit.
1158 699 1313 761 Atque
1336 700 1411 748 ubi
1432 700 1655 762 praedan

298 767 583 817 Pendentem
606 767 714 814 setis
736 767 894 813 avidus
915 766 1046 827 rapit,
1071 765 1145 812 bic
1165 779 1347 826 quoque
1365 765 1491 814 fauit

299 833 441 883 Elato
459 834 648 887 calamo,
672 829 777 878 eum
799 831 982 878 demum
1004 845 1208 878 emersus
1227 830 1277 876 in
1298 845 1431 878 auras

297 898 497 948 Brachia
514 898 732 953 dissolvit,
760 895 1113 959 populatumque
1134 896 1313 957 exspuit
1333 896 1545 946 hamum.

299 965 370 1013 At
391 963 550 1026 Mugil
569 961 710 1011 cauda
728 962 1001 1024 pendentem
1023 961 1254 1007 everberat
1275 975 1439 1018 escam,

298 1029 646 1089 Excussamque
663 1027 791 1089 legit.
846 1024 1007 1088 Lupus
1028 1026 1123 1072 acri
1143 1026 1348 1073 concitus
1368 1024 1450 1084 ἰή,

302 1093 533 1143 Discursu
551 1093 696 1139 fertur
716 1092 858 1148 vario,
880 1090 1136 1153 fluctusque
1155 1089 1354 1138 ferentes

304 1159 613 1221 Prosequitur,
635 1163 905 1219 quassatque
925 1162 1074 1218 caput,
1098 1155 1206 1202 dum
1227 1157 1417 1205 vulnere
1436 1173 1602 1208 saevus

301 1223 485 1273 Laxato
505 1223 636 1271 cadat
654 1223 829 1278 bamus,
852 1229 899 1268 et
919 1236 1002 1267 ora
1018 1221 1219 1284 patentia
1236 1221 1425 1284 linquat.
1578 1230 1641 1277 ⁴51

304 1288 411 1339 Nee
430 1289 634 1352 proprias
653 1288 773 1334 vires
793 1287 940 1334 nescit
960 1285 1175 1333 Muraena
1195 1287 1418 1336 nocendi:

303 1353 583 1416 Auxilioque
604 1353 687 1407 sui,
708 1367 865 1399 morsu
886 1366 972 1399 nec
993 1352 1201 1398 cominus
1222 1352 1314 1398 acri

305 1417 495 1474 Deficit,
518 1424 596 1465 aut
616 1417 792 1464 animos
810 1417 942 1480 ponit
961 1416 1138 1480 captiva
1157 1416 1372 1465 minaces.

304 1484 504 1534 Anthias
523 1482 609 1538 his,
630 1488 763 1543 tergo
785 1497 890 1542 quae
910 1483 1127 1537 concutit,
1149 1483 1292 1529 utitur
1311 1484 1462 1539 armis,

306 1548 420 1596 Vim
441 1548 585 1611 spinae
606 1547 825 1608 novitque
845 1562 955 1602 suae,
976 1562 1198 1608 versoque
1219 1548 1406 1611 supinus

309 1612 517 1678 Corpore
535 1613 632 1660 lina
650 1618 787 1668 secat,
813 1611 1055 1708 fixamque.
1065 1611 1295 1676 intercipit
1316 1614 1516 1663 hamum.

312 1743 482 1796 Cetera
502 1759 605 1808 quae
626 1744 788 1792 densas
808 1744 1012 1791 habitant
1032 1743 1243 1791 animalia
1263 1743 1412 1799 silvas,

312 1811 414 1859 Aut
432 1811 541 1859 vani
561 1811 769 1872 quatiunt
790 1823 967 1872 semper
986 1809 1219 1872 lymphata
1240 1810 1438 1866 timores,

312 1878 414 1925 Aut
434 1876 640 1924 trahivin
660 1889 864 1937 praeceps
886 1889 981 1921 non
1003 1889 1115 1922 sana
1132 1874 1302 1922 ferocia
1321 1876 1504 1924 mentis.
1586 1881 1656 1929 ⁵0

314 1940 425 2005 Ipsa
445 1942 571 2003 sequi
592 1938 774 1987 Natura
793 1947 964 1996 monet,
987 1940 1063 1987 vel
1083 1940 1290 1987 cominus
1310 1941 1391 1988 ire.

314 2005 522 2070 Impiger
539 2020 649 2054 ecce
671 2004 770 2052 Leo
792 2013 1040 2052 venantum
1061 2011 1265 2052 sternere
1284 1996 1437 2069 pergit

315 2072 534 2139 Agmina,
557 2079 606 2119 et
626 2070 825 2117 adversis
845 2069 984 2117 infert
1005 2085 1088 2118 sua
1106 2077 1291 2132 pectora
1310 2071 1429 2119 telis.

315 2137 518 2199 Quoque
535 2136 676 2191 venit,
696 2134 840 2182 fidens
858 2137 1008 2198 magis
1028 2144 1075 2183 et
1098 2136 1313 2183 sublatior
1331 2137 1473 2192 ardet,

318 2201 655 2262 concussitque
673 2207 814 2256 toros,
836 2208 884 2247 et
901 2201 1073 2248 viribus
1095 2201 1264 2248 addidit
1282 2200 1411 2248 itm.

320 2268 348 2296 ⁴
368 2265 603 2323 Prodidit;
637 2272 772 2326 atque
793 2280 877 2312 suo
897 2273 1109 2327 properat
1130 2265 1213 2312 sibi
1234 2266 1396 2313 robore
1414 2267 1574 2317 letum,

318 2328 494 2377 Foedus
516 2328 718 2377 Lucanis
736 2330 1024 2392 provolvitur
1047 2329 1199 2377 Ursus
1218 2330 1276 2377 ab
1296 2332 1452 2387 antris,

320 2392 448 2450 Quid
469 2393 555 2439 nisi
576 2394 754 2456 pondus
774 2395 909 2459 iners,
933 2394 1201 2456 stolidaeque
1219 2393 1391 2442 ferocia
1409 2398 1579 2445 mentis
1594 2398 1618 2445 ἲ

318 2459 470 2504 Actus
489 2456 619 2519 Aper
638 2459 747 2505 setis
767 2460 880 2505 iram
903 2459 1140 2506 denuntiat
1159 2460 1317 2507 hittis:

299 2520 389 2568 ,Et
409 2520 500 2566 ruit
520 2523 713 2583 oppositi
736 2523 888 2569 nitens
908 2524 956 2570 in
979 2525 1167 2570 vulnera
1187 2523 1310 2580 ferri,
1596 2532 1662 2577 00

322 2583 520 2629 Pressus
536 2591 583 2631 et
604 2586 771 2633 emisso
789 2589 984 2634 moritur
1003 2604 1083 2650 per
1105 2591 1279 2635 viscera
1298 2589 1407 2636 telo.
1442 2608 1447 2615 ·

332 2647 485 2693 Altera
505 2662 607 2708 pars
628 2647 773 2697 fidens
792 2651 993 2713 pedibus,
1024 2655 1101 2701 dat
1123 2662 1253 2718 terga
1275 2655 1500 2716 sequenti,
