1867 2942
585 133 902 185 AMORUM
935 134 1043 184 Lu.
1068 134 1563 186 1.14.133

234 267 365 315 Ante
386 281 513 314 meos
534 274 658 328 saepe
680 273 750 314 est
771 268 928 314 oculos
950 273 1139 324 ornatu
1179 280 1264 314 nec
1285 281 1499 337 umquam

302 330 498 380 Bra-hia
519 329 705 393 derepta
726 333 876 379 saucia
894 332 1007 378 fecit
1026 347 1125 378 acu.

234 398 373 458 Saepe
393 398 541 451 etiam,
566 397 764 442 nondum
788 397 977 458 digestis
997 393 1130 445 mane
1153 396 1337 460 capillis,
1540 438 1546 445 ,

303 459 538 523 Purpureo
550 462 697 523 jacuit
719 462 994 523 semisupina
1014 468 1128 507 toro.
1499 467 1565 510 20

232 525 360 573 Tum
372 541 551 587 quoque
558 532 654 572 erat
667 526 876 588 neglecta
888 527 1073 573 decens.
1102 534 1153 573 ut
1160 524 1357 574 Thtecia
1364 524 1560 584 Bacche,

304 588 425 640 cum
447 599 618 638 temere
641 592 687 637 in
710 592 839 637 viridi
861 592 1066 653 gramine
1086 591 1205 638 lassa
1213 593 1353 669 ²jacet.

233 653 361 705 Cum
382 655 574 718 graciles
595 663 748 703 essent
771 663 937 712 tamen,
961 664 1008 703 et
1027 656 1256 718 lanugims
1276 658 1449 707 instat·
1434 692 1450 717 ,

304 719 415 767 Heu
436 721 555 768 mala
575 715 752 769 vexatae
772 728 943 782 quanta
966 721 1109 767 tulere
1130 722 1301 771 comae!
1491 733 1499 742 ·

236 784 391 841 Quam
414 801 464 832 se
483 787 771 848 praebuerunt
789 785 911 835 ferro
931 787 1152 851 patienter
1174 793 1221 832 et
1239 787 1432 848 igni„

303 849 375 898 Ut
393 801 522 897 fierept
544 858 665 898 torto
687 849 851 898 flexilis
874 850 983 897 orbe
1005 851 1159 899 sinus.
1148 846 1174 884 ¹
1358 892 1361 895 Α

235 912 511 971 clamabam,
539 915 696 965 Scelus
718 922 800 970 est,
822 917 934 963 istos
958 915 1103 962 scelus
1124 931 1253 963 urere
1273 900 1435 964 crines.

302 980 476 1042 Sponte
498 981 693 1027 decent:
733 981 879 1041 capiti,
901 979 1059 1034 ferrea,
1081 995 1215 1042 parce
1235 988 1329 1027 tuo-

220 1044 284 1095 .-V
285 1045 347 1092 im
368 1046 526 1107 procul
544 1047 650 1093 hinc
672 1060 869 1092 remove.
903 1044 1015 1092 Non
1038 1053 1107 1109 est
1127 1046 1204 1106 qui
1226 1045 1384 1109 debeat
1403 1045 1502 1103 uri;

301 1110 466 1157 Erudit
487 1112 692 1158 admotas
714 1111 810 1172 ipse
830 1110 1017 1172 capillus
1040 1125 1165 1157 acus.
1496 1115 1565 1157 30

229 1175 471 1224 Formosae
493 1177 667 1237 periere
689 1191 860 1223 comae:
898 1191 1013 1237 quas
1033 1175 1172 1222 vellet
1193 1173 1378 1237 Apollo,

305 1240 437 1295 Quas
458 1241 596 1288 vellet
618 1240 752 1303 capiti
774 1240 985 1288 Bacchus
1005 1241 1155 1288 inesse
1177 1255 1273 1287 suo.

231 1305 336 1352 Illis
357 1306 635 1361 contulerim,
659 1321 769 1367 quas
790 1305 1017 1367 quondam
1040 1306 1159 1353 nuda
1181 1304 1339 1353 Dione

301 1369 512 1451 Pingitur
531 1372 737 1418 humenti
758 1372 1023 1419 sustinuisse
1044 1385 1197 1418 manu.

231 1435 361 1491 Quid
382 1432 499 1482 male
520 1436 761 1498 dispositos
780 1438 980 1498 quereris
999 1434 1184 1500 periisse
1204 1432 1419 1496 capillos?

303 1498 426 1554 Quid
447 1502 676 1563 speculum
700 1500 865 1549 moesta
884 1503 1030 1564 ponis,
1054 1502 1219 1563 inepta,
1242 1515 1380 1548 manu
1394 1497 1418 1544 ἲ

229 1565 348 1613 Non
368 1566 482 1614 bene
503 1568 731 1613 consuetis
752 1564 779 1612 a
799 1573 846 1614 te
867 1567 1082 1629 spectaris
1102 1565 1272 1613 ocellis.

303 1628 373 1677 Ut
391 1631 582 1692 placeas,
605 1631 773 1677 debes
762 1646 1002 1679 immemor
1023 1647 1124 1678 esse
1144 1630 1227 1677 tui.

156 1748 163 1754 ‚
230 1696 347 1744 Non
368 1702 416 1742 te
439 1702 631 1742 cantatae
652 1696 868 1741 laeserunt
888 1696 1063 1757 pellicis
1083 1696 1266 1752 herbae3
1665 1745 1678 1755 ,

298 1759 410 1807 Non
433 1774 546 1806 anus
569 1756 818 1805 Haemonid
837 1758 1007 1834 perfida
1026 1760 1138 1805 lavit
1160 1756 1289 1819 aqua.
1501 1761 1566 1805 40

230 1825 339 1874 Nec
361 1824 442 1872 tibi
462 1825 533 1870 vis
553 1825 698 1882 morbi
714 1824 903 1880 nocuit;
940 1824 1120 1887 (procul
1141 1838 1276 1870 omen
1297 1820 1517 1884 abesto)

300 1889 405 1937 Nec
425 1888 589 1935 minuit
610 1878 772 1934 densas
794 1858 949 1934 invida
967 1888 1126 1949 lingua
1139 1902 1307 1935 comas.

233 1954 379 2004 Facta
399 1969 535 2002 manu
559 1951 780 2015 culpaque
800 1950 879 1999 tua
900 1952 1131 2015 dispendia
1152 1952 1308 2000 sentis.

301 2017 415 2082 Ipsa
431 2020 565 2066 dabas
581 2019 714 2081 capiti
736 2018 879 2065 mixta
898 2033 1077 2066 venena
1093 2025 1190 2068 tuo.

232 2083 377 2133 Nunc
398 2085 477 2132 tibi
499 2085 701 2147 captivos
723 2084 872 2131 mittet
895 2083 1145 2131 Germania
1166 2074 1343 2130 crines.

302 2148 441 2199 Culta
459 2151 747 2212 triumphatae
768 2164 957 2196 munere
976 2149 1127 2210 gentis
1148 2148 1252 2195 eris.

230 2213 281 2262 Ο
303 2230 438 2276 quam
459 2231 592 2278 saepe,
618 2231 771 2263 comas
793 2215 944 2276 aliquo
967 2215 1169 2268 mirante,
1194 2212 1401 2269 rubebis;

300 2279 369 2326 Et
389 2279 521 2336 dices,
546 2279 687 2327 Ειιιιὸ,
707 2296 828 2327 nunc
848 2296 939 2342 ego
961 2294 1112 2326 merce
1131 2277 1325 2341 probor!

231 2343 409 2392 Nescio
429 2359 563 2405 quam
585 2360 667 2407 pro
688 2360 764 2392 me
784 2346 938 2392 laudat
959 2360 1079 2393 nunc
1101 2345 1188 2392 iste
1213 2341 1313 2405 Syg
1313 2342 1548 2397 ambram3

302 2408 446 2457 Fama
465 2417 635 2464 tamen,
657 2410 859 2464 memini,
880 2407 984 2456 cum
1004 2409 1092 2455 fuit
1113 2406 1200 2456 ista
1220 2408 1324 2455 mei.
1502 2374 1569 2452 50

233 2473 324 2523 Me
344 2474 580 2522 miserum!
607 2474 811 2521 lacrimas
832 2472 954 2521 male
976 2474 1201 2531 continet;
1226 2488 1392 2535 oraque
1407 2468 1569 2520 dextr&

301 2538 563 2603 Protegit,
551 2554 772 2601 ingenuas
792 2540 914 2600 picta
935 2540 1096 2586 rubore
1116 2553 1272 2601 genas.

235 2604 444 2652 Sustinet
448 2606 670 2667 antiquos
690 2604 865 2667 gremio
887 2610 1091 2667 spectare
1113 2604 1311 2666 capillos,
1477 2649 1492 2667 ‚

305 2667 430 2733 (Hei
450 2670 560 2723 mihi
579 2668 617 2732 Ξ)
644 2686 735 2719 non
757 2670 835 2723 illo
857 2684 1046 2719 munera
1061 2669 1206 2733 digna
1225 2669 1351 2718 loeo.
1414 2726 1427 2735 ,

234 2748 342 2782 vor..
362 2749 396 2784 ι.

1469 1928 1494 1943 t
