1867 2942
312 181 388 236 ‘54
578 216 583 225 ·
654 176 719 229 P
744 175 976 231 ovmn
1006 174 1310 229 NASONIS

324 306 435 358 Nec
451 306 561 356 mihi
580 309 825 372 pectendos
845 322 954 356 cura
971 315 1045 356 est
1064 309 1266 385 praebere
1282 307 1498 372 capillos:

390 371 492 421 Nec
513 374 624 423 libet
641 373 795 422 aurata
814 388 1004 437 corpora
1021 380 1152 421 veste
1170 373 1280 435 tegi.

326 436 397 486 Ut
420 454 530 500 quas
550 438 786 501 pampinea
805 440 1012 519 tetigisse
1034 437 1302 500 Bicorniger
1322 437 1453 486 basta

392 501 627 561 Creditur3
661 505 749 551 huc
769 503 889 559 illuc,
912 501 1003 565 quo
1024 502 1149 551 furor
1170 503 1280 565 egit,
1302 518 1372 549 eo.
1433 500 1444 511 ‘

327 565 622 618 Conveniunt
643 575 809 616 matres
831 567 1107 629 Phyll'eides,
1129 574 1179 616 et
1197 567 1307 615 mihi
1328 566 1546 623 clamant,

392 631 538 681 Indue
561 635 748 696 regales,
774 632 1032 687 Laodamia,
1058 634 1197 680 sinus.

328 698 511 747 Scilicet
532 699 629 761 ipsa
649 713 804 760 geram
826 704 1047 746 saturatas
1067 698 1246 745 murice
1257 702 1410 745 vestes
1426 715 1440 743 x

390 762 525 811 Bella
546 765 629 811 sub
649 762 801 811 Iliacis
820 764 1047 811 moenibus
1067 763 1143 809 ille
1162 761 1331 824 gerat?

329 827 443 895 Ipsa-
458 844 611 877 comas
630 836 821 891 pectar.
855 826 988 891 galei
1008 834 1144 889 caput
1163 827 1241 874 ille
1257 826 1572 890 prematur’·

394 892 420 940 Ι
451 909 502 943 sa
521 909 663 942 novas
683 900 860 942 vestes:
901 894 1013 940 dura
1032 893 1103 940 vir
1123 907 1249 939 arma
1267 891 1418 939 ferat?
1591 896 1667 942 40

332 957 412 1013 Qu
459 975 659 1022 possum,
682 947 889 1021 squalore
908 965 1014 1005 tuos
1033 957 1209 1004 imitata
1226 957 1402 1005 labores
1615 964 1626 971 “

395 1023 567 1072 Dicar:
602 1031 650 1070 et
671 1026 771 1071 haec
790 1024 894 1071 belli
916 1029 1121 1085 tempora
1140 1022 1281 1070 tristis
1301 1036 1451 1085 agam

330 1087 450 1137 Dux
471 1087 577 1137 Pari
601 1087 840 1143 Priamide,
863 1089 1029 1135 damno
1048 1087 1249 1134 formose
1267 1094 1464 1143 tuorum,

395 1152 514 1200 Tam
539 1154 600 1201 sis
620 1154 764 1203 hostis
784 1154 918 1207 iners,
943 1150 1078 1214 quam
1099 1153 1245 1200 malus
1264 1153 1430 1215 hospes
1449 1166 1570 1203 eras·

332 1216 433 1266 Aut
454 1223 501 1264 te
523 1216 751 1265 Taenariae
770 1217 932 1265 faciem
954 1215 1160 1279 culpasse
1179 1217 1372 1273 maritae,

396 1281 498 1331 Aut
517 1284 583 1330 illi
602 1283 768 1331 vellem
790 1283 890 1345 disp
887 1282 1071 1330 licuisse
1090 1289 1232 1330 tuam.

333 1345 424 1403 Tu,
446 1348 523 1409 qui
543 1363 640 1409 pro
630 1345 775 1410 rapta
796 1299 997 1402 nimi-im,
1023 1346 1250 1404 Menelae,
1270 1348 1462 1404 laboras,

319 1444 325 1457 .
403 1411 500 1460 Hei
520 1414 643 1468 mihi,
664 1410 800 1474 quidm
821 1413 977 1460 multis
997 1411 1157 1461 flebilis
1178 1413 1300 1461 ultor
1319 1411 1435 1461 eris!

297 1533 303 1541 .
333 1474 417 1532 Di,
439 1491 613 1539 precor
634 1475 663 1524 ὃ,
682 1477 812 1525 nobis
833 1493 969 1525 omen
992 1484 1221 1526 removete
1242 1478 1498 1527 sinistrum.

402 1541 468 1589 Et
491 1557 573 1589 sua
593 1543 668 1589 det
691 1542 843 1589 reduci
863 1543 935 1589 vir
957 1558 1086 1590 meus
1106 1557 1231 1591 arma
1250 1540 1375 1592 Jovi.
1601 1548 1674 1594 50

337 1605 432 1656 Sed
451 1607 614 1654 timeo:
652 1606 918 1669 quotiesque
940 1608 1060 1654 subit
1078 1608 1329 1656 miserabile
1347 1607 1532 1665 bellum,
1631 1640 1652 1663 -ι

401 1671 541 1720 More
562 1673 695 1728 nivis,
715 1670 929 1727 lacrimae,
955 1672 1051 1721 sole
1070 1673 1305 1728 madentis,
1328 1679 1453 1727 eunt,

336 1734 459 1787 Ilion
480 1742 529 1784 et
548 1736 774 1792 Tenedos,
798 1737 1069 1818 Simoisque,
1091 1744 1139 1787 et
1161 1737 1359 1793 Xantus,
1381 1745 1429 1788 et
1447 1736 1554 1795 Ide.

403 1801 609 1850 Nomina
631 1809 739 1850 sunt
757 1802 857 1865 ipso
877 1818 996 1865 pene
1018 1803 1218 1851 timenda
1240 1817 1370 1852 sono.

337 1867 444 1916 Nec
465 1883 621 1931 rapere
640 1883 842 1945 ausurus,
867 1868 954 1915 nisi
977 1883 1027 1916 se
1048 1866 1286 1916 defendere
1305 1875 1476 1930 posset,

404 1932 599 1996 Hospes
612 1941 735 1981 erat:
773 1930 895 1981 v'ires
916 1938 1106 1981 noverat
1124 1932 1201 1981 ille
1220 1947 1344 1981 suas.

254 2020 258 2027 ·
336 1997 542 2047 Venerat
565 2000 642 2063 (ut
659 1997 781 2046 fama
798 1995 892 2058 est)
912 1998 1060 2047 multo
1081 1998 1335 2060 spectabilis
1352 2012 1480 2055 auro,

28 2676 87 2744 ν,

405 2063 591 2125 Quique
611 2079 695 2110 suo
719 2062 948 2126 Phrygias
968 2078 1191 2174 corporef
1175 2062 1317 2113 ferret
1334 2078 1458 2126 opes.

342 2125 504 2179 Classe
523 2128 722 2190 virisque
740 2135 915 2191 potens,
939 2145 1020 2191 per
1040 2143 1145 2190 quae
1163 2127 1263 2176 fera
1278 2128 1397 2178 bella
1416 2138 1673 2192 ςειιιιιιιιη

405 2191 474 2242 Et
494 2194 695 2255 sequitur
716 2194 847 2255 regni
868 2209 974 2255 pars
994 2203 1327 2255 quotacumque
1348 2194 1433 2241 sui.
1613 2202 1683 2247 60

345 2257 441 2309 His
459 2274 550 2320 ego
571 2265 617 2306 te
638 2260 819 2314 victam,
842 2273 1032 2305 consors
1054 2257 1226 2306 Ledaea
1244 2259 1464 2322 gemellis,

408 2322 651 2385 Suspicor·
690 2324 791 2371 haec
805 2290 995 2371 ’Dands
1013 2339 1149 2385 posse
1168 2339 1335 2371 nocere
1354 2331 1480 2385 puto.

314 2440 321 2447 ⁴
343 2385 551 2439 Hectora
570 2389 725 2438 nescio
745 2403 882 2449 quem
903 2389 1058 2436 timeo.
1102 2387 1235 2436 Paris
1257 2388 1466 2439 Hectora
1485 2392 1627 2440 dixit·
1646 2406 1654 2415 ·

409 2450 579 2500 Ferrea
597 2451 848 2530 sangui-nea
865 2453 985 2501 bella
1004 2469 1189 2501 movere
1209 2469 1363 2502 manu.
1545 2488 1562 2504 .

348 2514 566 2571 Hectora,
590 2518 792 2579 quisquis
812 2518 854 2565 is
874 2525 958 2575 est,
981 2519 1020 2567 si
1043 2533 1144 2566 sum
1165 2518 1246 2565 tibi
1267 2533 1383 2575 cara,
1406 2525 1586 2570 caveto
1649 2541 1670 2573 ι

411 2579 649 2642 Signatum
671 2584 862 2634 memori
881 2590 1066 2646 pectore
1086 2597 1254 2632 nomen
1275 2583 1403 2632 habe.

345 2643 491 2694 Hunc
510 2645 586 2691 ubi
607 2644 778 2701 vitaris,
801 2648 914 2695 alios
932 2649 1079 2696 vitare
1098 2654 1358 2697 memento·

409 2708 476 2757 Et
495 2708 667 2762 multos
683 2709 775 2759 illic
797 2710 1031 2762 Hectoras
1050 2728 1150 2763 esse
1167 2718 1291 2777 puts·
