1867 2942
406 156 611 244 Amfls
645 155 1036 207 AMATORIAE
1071 158 1177 207 Lm.
1200 158 1270 208 11.
1398 164 1492 211 217
1532 195 1543 212 0

172 287 322 353 Cogis
342 290 618 367 adulterium,
640 290 785 336 dando
806 285 1071 352 tempusque
1086 291 1339 353 locumque.

240 354 363 411 Quo,
386 356 470 402 nisi
492 356 677 402 consilio
698 364 768 402 est
787 370 869 401 usa
887 356 1035 417 puella
1055 363 1133 402 tuo
1147 355 1172 401 ?

173 419 303 475 Quid
314 420 448 467 faciat
458 420 481 465 ἰ’
514 421 584 467 vir
596 422 746 477 abest3
781 428 827 466 et
841 421 966 466 adest
982 436 1072 467 non
1090 421 1282 468 rusticus
1297 422 1487 485 hospes·

238 484 307 532 Et
326 486 454 531 timet
476 486 523 531 in
543 499 686 532 vacuo
708 485 804 530 sola
824 486 984 531 cubare
1004 492 1119 531 toro.
1275 503 1287 511 ·
1394 491 1495 535 :370

170 548 354 596 Viderit
373 549 586 596 Atrides·
627 548 839 595 Helenen
861 566 949 611 ego
971 551 1157 597 crimine
1176 551 1321 598 solvo.

241 612 342 660 Usa
361 622 430 660 est
450 614 630 660 humani
652 614 968 661 commoditate
988 615 1087 662 viri.

71 681 92 688 ”
172 677 266 725 Sed
288 693 433 739 neque
451 678 603 725 fulvus
624 694 729 741 aper
749 677 895 725 media
915 686 1007 725 tam
1030 695 1179 726 saevus
1198 680 1246 726 in
1267 679 1345 736 ira,

238 741 475 790 Fulmineo
497 745 670 791 rabidos
691 741 795 790 culm
817 750 935 790 rotat
957 760 1035 791 ore
1057 759 1219 791 canes·
1398 791 1409 801 ,

169 806 276 855 Nec
295 808 378 863 lea,
402 810 505 855 cum
529 809 687 856 catulis
705 808 971 854 lactentibus
993 809 1128 856 ubera
1146 809 1340 872 praebet:

236 869 341 919 Nec
359 873 540 919 brevis
529 888 712 981 ignarod
708 873 893 951 vipera
878 874 989 919 laesa
1008 874 1141 935 pede.

168 936 363 985 Femina
380 935 526 1014 quam,
552 938 660 983 socii
682 934 899 998 deprensa
918 937 1078 999 pellice
1095 939 1215 992 lecti,

235 1001 409 1059 Ardet3
444 1008 490 1048 et
510 1003 557 1048 in
578 1001 706 1064 vultu
726 1002 918 1063 pignora
939 1003 1104 1048 mentis
1123 1002 1269 1049 habet.

166 1064 228 1114 In
249 1065 417 1113 ferrum
439 1066 729 1128 flammasque
751 1066 863 1111 ruit.
902 1066 1137 1128 positoque
1158 1067 1318 1115 decore

235 1130 412 1187 Fertur,
436 1139 487 1178 ut
507 1130 646 1177 Aonii
668 1131 875 1178 cornibus
895 1131 986 1177 icta
1006 1130 1116 1177 Dei.
1388 1137 1490 1183 380

169 1194 396 1258 conjugis
417 1196 670 1250 admissum,
694 1196 979 1256 violataque‘
958 1210 1064 1256 jura
1084 1196 1272 1252 maritae,

234 1261 433 1308 Barbara
451 1277 531 1323 per
553 1268 679 1308 natos
705 1259 890 1307 Phasias
912 1259 1008 1306 ulta
1029 1275 1147 1307 suos.

165 1325 330 1374 Altera
349 1326 444 1373 dira
462 1341 621 1388 parens
643 1327 766 1390 (haec
786 1332 868 1379 est,
891 1340 1026 1386 quam
1048 1326 1206 1380 cernis,
1229 1326 1441 1390 hirundo)

232 1390 443 1452 Adspice,
469 1391 693 1453 signatum
717 1391 935 1452 sanguine
955 1397 1111 1453 pectus
1131 1391 1276 1439 habet.

168 1454 282 1503 Hoc
300 1457 414 1504 bene
435 1457 717 1519 compositos,
740 1457 826 1503 hoc
846 1454 1001 1504 firmos
1024 1456 1159 1504 solvit
1179 1471 1375 1505 amores·

235 1518 439 1569 Crimina
459 1529 563 1568 sunt
583 1522 725 1568 cautis
747 1522 834 1568 ista
854 1522 1054 1568 timenda
1073 1522 1196 1569 viris.

162 1585 271 1633 Nec
292 1601 392 1633 mea
415 1602 497 1633 vos
518 1588 595 1633 uni
617 1587 799 1633 damnat
818 1601 1009 1632 censura
1027 1586 1204 1648 puellae.

231 1648 302 1697 Di
321 1650 504 1698 melius!
540 1652 621 1697 vix
641 1652 726 1696 hoe
747 1660 888 1711 nupta
908 1658 1062 1696 tenere
1081 1656 1243 1711 potest.

163 1714 358 1763 Ludite.
399 1714 479 1760 sed
497 1715 620 1759 furto
641 1715 809 1759 celetur
831 1713 963 1775 culpa
981 1713 1199 1759 modesto.

233 1780 395 1828 Gloria
412 1778 584 1840 peccaxi
606 1778 729 1824 nulla
748 1778 941 1856 petenda
962 1779 1043 1823 sui.
1387 1782 1490 1830 390

161 1845 271 1893 Nee
291 1844 466 1891 dederis
486 1857 665 1898 munus,
687 1839 908 1904 cogndsse
927 1842 1049 1904 quod
1068 1841 1209 1889 altera
1225 1842 1394 1906 possit·

229 1910 335 1956 Nec
357 1910 447 1956 sint
468 1909 679 1969 nequitiae
699 1914 904 1968 tempora
923 1914 1048 1954 certa
1066 1914 1174 1953 tuae.

164 1974 246 2031 Et,
270 1990 330 2021 ne
349 1983 397 2022 te
416 1974 595 2021 latebris
615 1972 759 2035 capiat
781 1971 862 2018 sibi
882 1970 1051 2019 femina
1072 1972 1203 2027 notis,

230 2039 344 2087 Non
365 2054 457 2086 uno
478 2047 548 2086 est
568 2038 715 2085 omnis
735 2036 1043 2084 convenienda
1059 2037 1176 2083 loeo.

162 2104 233 2154 Et
256 2106 429 2167 quoties
451 2104 629 2160 scribes,
652 2111 769 2151 totas
791 2099 947 2164 prius
935 2117 1030 2164 ipse
1049 2101 1232 2148 tabellas

234 2121 425 2232 Inspice.
470 2169 582 2216 Plus
601 2170 774 2223 multae,
796 2164 930 2230 quam
954 2167 1035 2213 sibi
1056 2168 1205 2223 missa,
1225 2166 1398 2229 legunt.

164 2234 306 2283 Laesa
292 2185 486 2282 spVenus
499 2236 624 2298 justa
644 2243 768 2282 arma
788 2239 955 2287 movet,
978 2232 1207 2293 telumque
1228 2232 1455 2290 remittit·

231 2299 311 2354 Et,
335 2297 469 2347 modo
490 2301 610 2360 quod
628 2307 787 2361 questa
808 2306 890 2353 est,
913 2298 1009 2360 ipse
1030 2311 1228 2359 querare,
1250 2295 1375 2368 facit·

164 2363 298 2412 Dum
317 2363 403 2410 fuit
423 2363 608 2411 Atrides
629 2363 720 2411 una
739 2370 992 2417 contentus,
1016 2369 1063 2409 et
1082 2361 1160 2408 illa

233 2427 374 2478 Casta
390 2427 504 2485 fuit;
540 2429 649 2474 vitio
671 2436 740 2475 est
757 2428 959 2492 improba
976 2426 1095 2473 facta
1114 2426 1215 2472 viri.
1388 2428 1489 2474 400

162 2494 387 2544 Audierat
406 2491 667 2554 laurumque
686 2508 823 2539 manu
844 2493 1066 2553 vittasque
1082 2489 1302 2537 ferentem
1404 2521 1417 2534 ι

134 2595 170 2626 ,²
232 2557 327 2606 Pro
349 2556 454 2605 nati
476 2556 684 2619 Chrysen
705 2573 797 2604 non
817 2557 1012 2603 valuisse
1032 2571 1127 2602 sua.

163 2624 400 2680 Audiemt,
423 2622 633 2685 Lyrnesi,
655 2629 771 2678 tuos,
793 2621 994 2675 abducta,
1016 2620 1222 2678 dolores;

232 2688 451 2752 Bellnq11e
468 2704 549 2753 per
570 2697 721 2754 turpes
740 2684 923 2752 longius
941 2687 1031 2734 isse
1051 2700 1214 2734 moran.

161 2767 272 2802 vot..
304 2768 339 2801 1.
1067 2765 1097 2799 u
