1867 2942
321 145 418 190 238
639 142 644 148 ’
676 138 733 187 Ρ.
765 136 1001 189 OVIDII
1033 136 1335 188 NAsoms
1384 142 1393 147 ”
1422 142 1445 185 “.

324 269 461 317 Mille
479 266 651 316 facesse
660 269 809 332 jocos.
852 267 1010 331 Turpe
1029 275 1100 316 est
1120 268 1509 333 heschemssam

337 354 341 359 ·
388 333 595 382 Luderet
621 334 818 381 ludendo
840 350 961 396 saepe
974 340 1154 396 paratur
1177 348 1317 381 mor.

324 401 415 448 Sed
433 400 646 446 minimus
660 400 786 445 labor
806 406 889 454 est,
913 401 1142 461 sapie-ter
1149 400 1351 462 jactibus·
1366 402 1453 447 uti.

389 464 543 526 Majus
565 479 691 525 opus,
714 479 862 510 mores
883 466 1194 526 composuisse
1213 479 1333 512 suos.
1566 466 1673 517 370

276 534 283 541 '
323 528 454 578 Dum
477 544 631 575 sumus
651 530 838 582 incauti,
857 529 1094 591 studioque
1115 531 1339 592 aperimur
1359 530 1408 577 in
1430 531 1569 594 ἦμος

390 593 614 655 Nudaque
734 593 860 640 lusus
874 602 1060 656 pectora
1081 601 1238 643 nostra
1255 601 1411 656 patent
1425 611 1446 653 ς

325 656 404 706 Ira
425 659 556 714 subit,
751 675 778 705 e
794 659 976 713 malum,
998 659 1200 721 lucrique
1221 661 1414 722 cupid03

390 721 653 786 Jurgiaque,
677 732 723 770 et
744 725 868 777 ήκω,
891 725 1198 785 sollicitusque
1219 725 1361 771 dolor.

329 785 534 837 Crimina
554 789 785 835 dicuntur:
825 796 1007 836 resonat
1028 789 1298 837 clamoribus
1318 790 1464 837 neuter
1476 806 1493 838 ε

392 851 583 901 Invocat
604 854 741 900 iratos
762 861 810 900 et
832 855 912 901 sibi
934 855 1123 916 quisque
1140 854 1285 903 Deos.

324 917 469 966 Nulla
488 918 627 975 fides3
650 919 902 980 tabulaeque
921 935 1058 966 novae
1076 935 1158 982 per
1170 925 1289 967 —vota
1301 926 1523 982 petuntur
1537 938 1554 968 t

389 983 458 1032 Et
477 985 672 1030 lacrimis
691 984 784 1030 vidi
805 1000 926 1046 saepe
946 984 1127 1031 madere
1146 1000 1304 1048 genas.

325 1047 360 1098 J
420 1049 507 1096 iter
521 1047 550 1095 a
569 1049 697 1095 vobis
717 1057 811 1095 tam
832 1051 979 1112 turpia
999 1050 1188 1096 crimina
1201 1049 1351 1112 pellat,

415 1130 447 1161 n
468 1114 627 1175 quibus
648 1121 719 1160 est
740 1115 819 1160 uui
842 1128 949 1161 cura
962 1115 1138 1175 placere
1148 1115 1264 1162 viro.
1562 1119 1668 1164 380

327 1176 435 1225 Hos
456 1179 622 1242 ignava
632 1180 767 1241 ‚iocos
786 1178 943 1225 tribuit
964 1179 1141 1226 Natura
1160 1178 1321 1242 puellis
1335 1196 1350 1225 ι

389 1241 589 1290 Materia
603 1244 765 1290 ludunt
783 1245 986 1290 uberiore
1005 1244 1106 1291 viri.

322 1306 440 1357 Sunt
459 1309 549 1354 illis
573 1309 829 1368 celeresque
846 1308 967 1370 pilae,
981 1310 1289 1371 jaculumque,
1309 1309 1561 1372 trochique,

383 1373 628 1433 Armaque,
651 1381 699 1419 et
717 1374 766 1419 in
780 1389 924 1435 gyros
944 1375 1012 1420 ire
1027 1383 1210 1421 coactus
1229 1388 1384 1436 equus.

228 1506 232 1511 -
318 1435 424 1486 Nec
438 1453 523 1485 vos
545 1435 747 1499 Campus
766 1439 911 1493 habet,
935 1453 1020 1485 nec
1040 1455 1126 1486 vos
1146 1438 1424 1501 gelidissima
1444 1437 1600 1507 Virgo
1610 1458 1629 1500 ς

384 1500 489 1550 Nec
510 1501 721 1549 Thuscus
740 1503 914 1565 placidii
935 1504 1116 1552 devehit
1137 1505 1283 1551 amnis
1302 1504 1430 1566 aqui.

322 1565 392 1615 At
412 1568 530 1622 licet,
556 1573 602 1614 et
616 1567 810 1629 prodest,
836 1568 1079 1632 Pompejas
1098 1571 1164 1616 ire
1183 1585 1265 1632 per
1284 1571 1495 1629 umbrasg

388 1631 595 1695 Virginis
618 1634 812 1680 aetheriis
833 1631 938 1681 cum
962 1643 1095 1697 caput
1116 1633 1244 1682 ardet
1263 1636 1403 1697 equis.

324 1696 475 1746 Visite
496 1699 721 1761 laurigero
744 1707 916 1746 sacrata
938 1699 1114 1747 Palatia
1135 1698 1341 1748 Phoebo:

389 1762 476 1811 Ille
499 1762 779 1811 Paraetonias
799 1765 956 1811 mersit
972 1765 1019 1811 in
1041 1765 1131 1812 alta
1152 1772 1287 1813 rates.
1557 1768 1663 1814 390

325 1828 535 1890 Quaeque
552 1845 679 1876 soror
685 1831 942 1892 conjuxque
951 1829 1100 1876 Ducis
1107 1829 1630 1895 monumentaparirut
1639 1848 1655 1877 ε

388 1892 645 1956 Navalique
663 1910 805 1957 gener
821 1896 997 1942 cinctus
1019 1897 1193 1942 honore
1213 1903 1363 1958 eaput.

322 1956 474 2007 Visite
495 1960 758 2006 turicremas
778 1975 932 2007 vaccae
944 1960 1283 2022 -Memphitidos
1298 1976 1400 2008 aras
1413 1979 1427 2008 τ

384 2022 537 2071 Visite
556 2026 809 2086 conspicuis
829 2031 961 2071 terna
980 2027 1155 2072 theatra
1173 2026 1301 2074 locis.

319 2088 591 2152 Spectentur
611 2090 763 2152 tepido
784 2090 1029 2137 maculosae
1050 2092 1271 2153 sangnine
1283 2104 1462 2148 arenae3

385 2154 605 2215 Metaque
624 2153 816 2202 ferventi
838 2156 1108 2202 circueunda
1128 2154 1243 2202 rota.

321 2219 462 2274 Quod
482 2219 604 2274 latet,
622 2220 829 2281 ignotum
851 2228 948 2267 est:
977 2221 1122 2283 ignoti
1145 2221 1268 2281 nulla
1288 2220 1467 2284 cupido.

386 2283 582 2331 Fructus
599 2286 736 2340 abest,
757 2285 895 2331 facies
916 2282 1021 2331 cum
1041 2287 1163 2334 bona
1182 2292 1299 2334 teste
1315 2292 1450 2333 caret.

319 2347 394 2396 Tu
414 2345 523 2394 licet
539 2355 585 2394 et
605 2348 868 2410 Thamyran
892 2364 1086 2411 superes,
1109 2358 1157 2398 et
1180 2350 1404 2399 Anfoebea
1424 2356 1594 2408 cantu}

384 2411 496 2458 Non
520 2414 603 2458 erit
618 2414 791 2476 ignotae
812 2415 960 2476 gratia
977 2428 1147 2476 magna
1157 2416 1289 2476 lyrae.
1560 2416 1662 2463 400

320 2475 371 2522 Si
386 2475 613 2522 Venerem
639 2476 766 2526 Cous
786 2493 1007 2539 nusquam
1028 2478 1256 2539 posuisset
1278 2478 1499 2542 Apellen

384 2538 544 2585 Mersa
564 2540 647 2587 sub
662 2544 881 2603 aequoreis
895 2542 977 2590 illa
996 2543 1159 2590 lateret
1175 2545 1318 2606 aquis.

320 2601 446 2656 Quid
466 2604 633 2663 petitur
654 2607 803 2661 sacris,
829 2608 916 2653 nisi
935 2605 1116 2654 tantum
1136 2608 1269 2663 fama,
1290 2606 1474 2670 poetis?

380 2663 490 2712 Hoc
509 2673 668 2713 votum
691 2672 834 2717 nostri
857 2684 1036 2721 summa
1055 2673 1225 2720 laboris
1241 2672 1399 2720 habet-r
