1867 2942
475 181 683 235 ARTIS
714 181 1105 234 AMATORIAE
1137 184 1247 235 In.
1267 181 1338 233 11.
1475 183 1567 233 21³1

239 314 722 379 Pluraquepingebatz
753 315 923 364 subitus
945 312 1048 363 cum
1074 316 1297 380 Pergama
1315 315 1481 365 fluctus

157 384 170 389 ’
304 382 518 437 Abstulit,
542 390 590 429 et
611 381 754 428 Rhesi
776 397 879 427 cum
902 381 1016 428 duce
1036 390 1181 429 castra
1200 398 1296 430 suo.
1474 384 1569 428 140

235 444 362 493 Tum
387 446 505 499 De&
530 445 670 502 Qua&
693 448 849 507 inquit,
872 445 982 494 fidas
1003 448 1082 494 tibi
1104 447 1247 494 credis
1266 448 1397 504 itum

307 510 587 558 Perdiderint
608 511 742 557 undae
763 511 946 558 nomina
965 519 1140 573 quanta,
1163 512 1320 559 vides?

233 574 371 638 Ergo
392 591 491 638 age,
512 574 660 622 fallaci
679 572 834 621 timide
851 575 1030 623 confide
1049 575 1222 639 ἥξοι-ω,

305 640 522 701 Quisquis
543 656 613 687 es:
642 647 719 686 aut
740 640 904 701 aliquid
924 656 1110 703 conpore
1126 642 1268 704 pluris
1289 642 1415 691 habe.

234 703 447 753 Dextera
464 701 689 766 praecipue
710 705 827 767 eupit
846 705 1124 767 indulgentia
1143 714 1336 754 mentes:

301 769 537 831 Asperitas
557 770 721 824 odim,
745 785 955 831 saevaque
974 771 1121 825 verba,
1144 779 1343 819 movent.

236 834 431 882 Odimus
450 834 719 895 accipitrem,
742 835 845 895 quia
866 849 1044 896 semper
1064 836 1179 882 vivit
1197 837 1244 883 in
1265 836 1416 891 armis,

302 898 371 947 Et
384 898 593 960 pavidum
614 899 768 945 solitos
788 901 835 945 in
856 914 995 962 pecus
1015 901 1081 947 ire
1100 900 1243 962 lupos.

235 963 307 1013 At
327 970 449 1010 earet
469 962 640 1009 insidiis
658 963 903 1018 hominum,
927 965 1032 1025 quia
1050 966 1185 1020 mitis,
1206 965 1420 1012 hirundo:

303 1028 519 1089 Quasque
541 1027 659 1073 colat
679 1034 825 1072 turres
849 1027 1050 1075 Chaonis
1069 1030 1162 1076 ales
1183 1031 1329 1077 habet.
1473 1033 1573 1078 150

232 1091 353 1143 Este
373 1092 528 1154 procul
548 1091 663 1146 lites,
685 1098 731 1138 et
750 1106 916 1137 amarae
935 1093 1096 1153 proelia
1113 1094 1298 1156 linguae.

249 1185 252 1192 ·
302 1157 527 1204 Dulcibus
546 1164 617 1203 est
630 1156 778 1203 verbis
797 1156 947 1202 mollis
965 1156 1149 1204 alendus
1170 1174 1311 1205 amor.

235 1222 344 1271 Lite
363 1221 526 1284 fugent
546 1228 784 1283 nuptaeque
805 1221 951 1277 viros;
976 1228 1224 1284 nuptasque
1243 1224 1418 1271 maritit

203 1343 210 1350 ο
304 1286 448 1349 Inque
469 1287 615 1333 vicem
636 1286 819 1333 credant
840 1301 911 1332 res
934 1286 1016 1331 sibi
1039 1302 1213 1349 semper
1234 1290 1324 1351 agi.

236 1351 349 1402 Hoc
371 1352 501 1399 decet
521 1366 715 1398 uxores:
743 1351 827 1397 dos
845 1358 916 1397 est
938 1353 1107 1406 uxoria,
1131 1353 1247 1400 lites.

304 1417 472 1465 Audiat
493 1423 669 1478 optatos
692 1430 867 1478 semper
888 1417 1032 1463 amica
1053 1433 1203 1464 sonos.

233 1481 351 1531 Non
370 1482 485 1544 legis
497 1482 630 1545 jussu
649 1482 816 1530 lectum
838 1482 1027 1528 venistis
1048 1483 1093 1528 in
1119 1497 1282 1532 unum:

304 1546 529 1609 Fungitur
550 1548 597 1592 in
619 1547 745 1594 vobis
764 1561 954 1608 munere
973 1546 1088 1610 legis
1109 1564 1248 1595 amor.

201 1631 204 1638 ·
235 1612 485 1660 Blanditias
505 1612 676 1664 molles,
700 1611 942 1672 auremque
951 1612 1159 1672 juvantia
1176 1613 1315 1661 verba

302 1675 478 1731 Adfer;
497 1682 552 1720 ut
573 1675 767 1721 adventu
788 1675 894 1720 laeta
916 1675 974 1720 sit
994 1676 1071 1721 illa
1092 1683 1186 1723 tuo.
1476 1681 1573 1727 160

236 1741 353 1791 Non
375 1755 463 1801 ego
485 1739 696 1784 divitibus
715 1738 852 1784 venio
871 1746 1122 1801 praeceptor
1143 1740 1349 1798 Amoris:

303 1805 389 1853 Nil
410 1818 524 1865 opus
545 1810 615 1849 est
635 1801 712 1857 illi,
735 1802 811 1863 qui
834 1802 965 1856 dabit,
988 1811 1084 1850 arte
1104 1803 1220 1852 mea.

238 1873 406 1922 Secum
428 1868 561 1915 habet
575 1867 825 1930 ingenium,
848 1867 938 1928 qui,
979 1865 1081 1914 cum
1103 1869 1227 1924 libes·
1246 1869 1430 1935 Accipe,
1451 1871 1578 1921 dicit.

306 1933 545 1985 Cedimus:
573 1932 768 1978 inventis
789 1928 889 1993 pluis
910 1931 1056 1993 placet
1076 1934 1151 1981 ille
1171 1938 1298 1981 meis.

241 1999 521 2063 Pauperibus
541 2005 668 2045 vates
690 2012 777 2059 ego
800 2011 925 2054 sum;
951 1998 1056 2057 quia
1074 2014 1242 2062 pauper
1263 2000 1423 2047 amavi.

308 2062 430 2114 Cum
452 2064 558 2110 dare
579 2077 670 2109 non
691 2077 872 2124 possem
893 2076 1094 2118 munera,
1117 2065 1253 2110 verba
1274 2065 1446 2112 dabam·

242 2130 424 2193 Pauper
444 2136 567 2181 amet
586 2126 737 2175 caute:
766 2128 925 2174 timeat
942 2128 1209 2178 ‘maledicere
1230 2125 1419 2191 pauper:

308 2195 562 2256 Multaque,
581 2193 790 2240 divitibus
810 2208 902 2241 non
928 2192 1146 2254 patienda,
1169 2191 1298 2240 ferat.

242 2260 331 2310 Me
351 2261 533 2307 memini
553 2260 717 2306 iratum
740 2258 939 2306 dominae
965 2256 1167 2305 turbasse
1188 2258 1391 2320 capillum

308 2324 432 2372 Haec
453 2324 564 2370 mihi
583 2321 715 2384 quam
733 2324 904 2374 multos
927 2323 1116 2370 abstulit
1136 2323 1203 2369 ira
1223 2323 1340 2371 dies!
1486 2328 1577 2375 1⁷0

242 2388 348 2438 Nec
368 2397 493 2452 puto,
517 2402 601 2434 nec
624 2388 741 2435 sensi
764 2390 967 2436 tunicam
994 2385 1209 2450 laniasseg
1235 2388 1314 2434 sed
1334 2388 1431 2451 ipsa

309 2454 532 2503 Dixeratz
559 2459 606 2500 et
625 2453 768 2515 pretio
789 2461 860 2499 est
881 2451 959 2501 ina
983 2453 1185 2502 redemta
1204 2467 1322 2500 meo.

241 2521 312 2568 At
331 2533 428 2574 vos,
446 2519 524 2580 qui
544 2518 709 2579 sapitis,
732 2519 869 2564 vestri
889 2526 1079 2581 peecata
1099 2518 1301 2582 magistri

312 2583 542 2647 Effiigite:
569 2590 617 2629 et
638 2582 783 2644 culpae
805 2582 970 2632 damna
992 2583 1147 2629 timete
1162 2597 1294 2629 meae.

246 2648 421 2701 Proelia
436 2663 544 2696 cum
567 2647 761 2702 Parthis,
783 2663 888 2697 cum
913 2647 1035 2697 culta
1054 2663 1144 2711 pax
1163 2648 1225 2695 sit
1245 2644 1417 2705 mich

312 2711 379 2762 Et
388 2714 538 2779 Jocus.
560 2719 609 2763 et
625 2727 808 2763 ¹‘mussas
828 2713 1045 2780 quidqtiid
1065 2713 1231 2764 amoris
1249 2713 1396 2764 habet·
1435 2761 1443 2769 ,
