1867 2942
439 116 654 168 Amas
674 114 1067 167 maa-omas:
1092 122 1095 126 ⁴
1120 115 1228 165 nm
1249 116 1291 165 1.
1426 115 1525 162 ὀε
1572 93 1579 96 “

203 242 292 292 Vir
311 247 658 308 prior-accedat:
675 289 680 296 .
695 249 766 297 vir
785 249 923 296 verba
942 248 1320 311 precantia-dieat.
1516 259 1529 292 s

267 309 483 374 Excipiet
497 314 682 362 blandas
703 314 892 361 eomiter
910 314 988 359 illa
1000 329 1169 375 preces.
1426 313 1523 357 710

207 373 279 424 Ut
297 377 482 438 potiare,
505 395 637 442 roga:
676 381 854 425 tantum
876 379 1000 440 cupit
1018 378 1095 425 illa
1116 379 1299 440 rogari..

201 459 206 464 ·
270 439 352 488 Da
371 458 575 491 caussam
595 445 691 491 voti
712 443 1066 504 principiumque
1087 443 1168 489 tui.

201 501 382 566 Jupiter
401 508 468 556 ad.
478 516 655 557 veteres
676 507 863 569 supplex
887 505 1116 555 Heroidas
1135 509 1249 556 ibat:

272 567 502 635 Corripuit
522 587 739 635 magnum
760 572 884 619 nulla
902 573 1053 632 puella
1073 571 1106 620 J
1107 588 1253 620 ovem.

202 632 255 680 Si
276 641 429 684 tamen
443 636 471 685 a
490 638 696 700 precibus
716 637 914 683 tumidos
933 638 1146 688 accedere
1165 637 1299 686 flatus

251 699 507 760 ·Senseris;
539 703 718 765 incepto
738 717 883 764 parce,
907 701 1113 763 referque
1132 703 1305 766 pedem.

205 762 346 818 Quod
365 767 545 830 refugit,
565 767 724 814 multae
743 767 960 828 cupiunt:
999 768 1146 823 odere,
1169 768 1287 829 quod
1308 768 1460 816 instat.
1517 785 1525 808 ι

270 823 446 880 Lenius
461 833 671 881 instando
693 831 828 879 taedia
846 832 957 878 tolle
969 833 1052 879 tui.
1190 867 1198 876 .

201 892 309 968 Nee
329 912 506 959 semper
526 896 720 945 Veneris
741 911 843 958 spes
864 903 934 943 est
953 896 1202 958 profitenda
1221 899 1421 959 roganti:
1520 903 1527 909 '

269 957 418 1009 Intret
438 962 647 1010 amicitiae
669 962 851 1009 nomine
870 968 1019 1008 tectus
1040 976 1180 1009 amor.
1427 964 1525 1010 790

207 1021 321 1073 Hoc
341 1027 465 1074 aditu
486 1027 579 1075 vidi
599 1028 775 1074 tetricae
795 1026 900 1074 data
916 1028 1056 1074 verba
1074 1026 1260 1089 puellae:

274 1090 367 1145 Qui
388 1092 536 1140 fuerat
555 1093 712 1147 cultor,
733 1090 881 1140 sactus
900 1098 1074 1139 amator
1094 1097 1205 1139 erat.

203 1152 437 1205 Candidus
456 1158 504 1204 in
526 1154 663 1204 nauta
682 1157 825 1218 turpis
845 1156 995 1204 color:
1034 1156 1228 1219 aequoris
1247 1154 1369 1204 unda

274 1217 439 1278 Debet,
462 1231 510 1270 et
528 1220 556 1269 ὃ,
576 1222 708 1270 radiis
728 1222 900 1276 sideris,
922 1236 1024 1268 esse
1043 1222 1191 1283 niger.

204 1281 376 1347 Turpis
397 1294 443 1334 et
462 1287 689 1350 agricolae,
711 1287 787 1348 qui
807 1301 992 1333 vomere
1013 1301 1188 1348 semper
1207 1285 1395 1339 adunco,

271 1349 338 1398 Et
356 1353 566 1415 gravibus
587 1352 742 1400 rastris
765 1352 846 1398 sub
866 1350 986 1399 Jove
1006 1357 1157 1399 versat
1177 1352 1380 1398 humum.

204 1411 282 1463 Et
295 1417 387 1472 tibi,
413 1416 625 1466 Palladiae
645 1418 812 1480 petitur
834 1417 906 1463 cui
926 1416 1076 1478 palma
1094 1431 1288 1472 coronae,

274 1478 476 1530 Candida
497 1484 535 1530 si
555 1483 723 1532 fuerint
744 1496 962 1545 corpora;
996 1482 1137 1545 turpis
1158 1483 1261 1530 eris.

203 1543 383 1594 Palleat
403 1549 549 1596 omnis
570 1562 751 1596 amans:
790 1548 863 1594 hic
885 1554 957 1593 est
977 1547 1100 1594 color
1122 1553 1252 1609 aptus
1272 1544 1455 1593 amanti.

273 1605 368 1657 Hic
389 1612 544 1659 decet:
582 1614 670 1660 hoc
689 1613 820 1659 vultu
843 1627 934 1660 non
956 1612 1151 1659 valuisse
1169 1617 1344 1673 putent.
1431 1611 1495 1658 73

204 1673 409 1723 Pallidus
427 1677 477 1722 in
500 1675 668 1737 Lyrice
689 1677 829 1735 sylvis
848 1676 1023 1722 errabat
1044 1675 1220 1725 Orionz
1494 1705 1501 1710 -
1520 1717 1527 1724 .

273 1739 476 1787 Pallidus
490 1741 537 1786 in
559 1739 684 1787 lenta
704 1739 856 1786 Naide
877 1739 1089 1801 Daphnis
1108 1747 1219 1787 erat.

202 1806 390 1867 Arguat
410 1811 458 1851 et
478 1804 645 1853 macies
664 1804 893 1854 animum:
932 1819 1018 1854 nec
1038 1812 1171 1867 turpe
1186 1799 1370 1866 putaris,

274 1869 518 1917 Palliolum
537 1869 688 1918 nitidis
709 1868 974 1931 imposuisse
994 1869 1150 1920 comis.
1162 1907 1175 1918 .

205 1936 464 1983 Attenuent
474 1936 700 1997 juvenum
721 1932 922 1996 vigilatae
945 1949 1132 1997 corpora
1152 1940 1337 1991 noctes;

157 1997 164 2002 ’
275 1998 500 2062 Curaque,
524 2007 571 2047 et
594 1997 621 2047 ὂ
642 2014 810 2061 magno
826 1999 901 2061 qui
921 1998 975 2045 fit
995 2015 1159 2054 amore,
1184 1998 1324 2045 dolor.

208 2064 281 2112 Ut
302 2072 412 2112 voto
431 2066 603 2129 potiare
623 2072 718 2120 tuo,
742 2064 1002 2111 miserabilis
1022 2071 1150 2112 esto:

276 2128 358 2185 Ut,
382 2131 457 2192 qui
480 2139 526 2179 te
547 2130 709 2187 videat,
733 2130 880 2183 dicere
899 2130 1054 2191 possit,
1079 2128 1236 2177 Amas·

208 2191 488 2255 Conquerar,
505 2212 561 2244 an
576 2210 799 2250 moneam,
816 2195 1010 2242 mixtum
1026 2193 1095 2242 fas
1110 2209 1245 2240 omne
1257 2188 1499 2252 nefasque?

274 2258 460 2307 Nomen
480 2262 678 2308 amicitia
698 2267 779 2316 est,
803 2274 969 2307 nomen
991 2261 1123 2307 inane
1144 2258 1268 2305 fides.
1438 2258 1535 2301 740

209 2322 306 2372 Hei
329 2324 458 2373 mihi!
485 2340 577 2372 non
599 2333 746 2373 tutum
770 2323 851 2381 est,'
874 2326 996 2387 quod
1016 2339 1153 2378 ames,
1175 2322 1357 2370 laudare
1378 2319 1534 2368 sodali.

277 2386 400 2438 cum
422 2390 502 2436 tibi
521 2390 719 2437 laudanti
741 2390 940 2445 credidit,
963 2390 1060 2451 ipse
1082 2388 1212 2435 subit.

206 2453 277 2501 At
298 2469 393 2502 non
413 2453 653 2502 Actorides
671 2456 839 2501 lectum
861 2454 1099 2501 temeravit
1119 2450 1335 2499 Achillis:

275 2516 513 2573 Quantum
535 2520 592 2566 ad
614 2518 882 2574 Pirithoum,
909 2517 1103 2565 Phaedra
1122 2517 1283 2579 pudica
1302 2514 1402 2561 suit.

209 2581 499 2634 Hermionen
523 2583 733 2646 Pylades,
755 2580 845 2646 qud
866 2583 1054 2631 Pallada
1076 2580 1289 2637 Phtebua
1313 2579 1511 2628 amabat:

275 2646 501 2713 Quodque
522 2650 604 2699 tibi
620 2649 846 2716 geminus,
866 2646 1086 2712 Tyndari,
1110 2645 1276 2697 Castor
1296 2652 1405 2693 erat.

205 2726 317 2760 vol..
337 2726 372 2762 1.
1086 2729 1117 2762 ‘r
