1867 2942
314 181 389 236 ‘54
579 216 585 225 .
656 176 721 229 Ρ
746 175 980 231 ovum
1008 174 1312 229 msoms

326 306 435 358 Nee
453 304 563 357 mihi
581 309 826 372 pectendos
846 322 957 356 cura
973 315 1047 356 est
1064 309 1268 372 praebere
1283 306 1500 372 capillos:

391 372 495 420 Nec
514 375 624 422 libet
641 373 798 422 aurata
816 388 1006 436 corpora
1023 380 1153 421 veste
1171 373 1282 435 tegi.
1374 403 1381 415 ·
1437 375 1444 379 ’

327 436 401 486 -Ut
421 454 532 500 quas
551 438 788 501 pampinea
807 440 1013 519 tetigisse
1036 437 1304 514 Bicorniger
1323 437 1454 485 hasta

394 501 629 561 Creditur;
662 505 750 550 huc
771 500 1005 565 illuc,tu
1026 502 1151 551 furor
1171 503 1282 565 egit,
1304 517 1374 549 eo.
1435 498 1446 511 ‘

329 539 629 619 Conveniunt
645 575 811 616 matres
833 568 1109 628 Phylreides,
1131 574 1180 616 et
1199 567 1309 615 mihi
1329 566 1546 623 clamant.

393 631 541 680 Indue
563 635 750 696 regales,
776 632 1034 687 Laodamia,
1059 634 1199 679 sinus.

330 698 514 747 Scilicet
533 699 684 761 ipsag
682 713 806 746 eram
828 704 1048 746 saturatas
1069 698 1248 745 murice
1260 701 1411 744 vestes
1427 714 1441 743 z

395 762 526 810 Bella
547 764 629 811 sub
652 761 802 810 Iliacis
823 763 1050 811 moenibus
1068 763 1145 809 ille
1164 761 1333 823 gerat?

330 827 444 939 Ipsa·
460 844 613 877 comas
632 836 822 891 pectar·
857 826 990 891 galea
1010 833 1146 904 caput
1165 827 1243 874 ille
1259 825 1525 889 proflatur⁹
1564 848 1572 855 ·
1629 833 1642 837 ’

396 892 504 956 Ipsa
523 909 665 942 novas
684 901 862 942 vestes:
902 894 1015 940 dura
1033 893 1106 939 vir
1125 907 1250 940 arma
1269 890 1420 939 ferat?
1591 896 1667 941 40

335 957 442 1013 Qua
462 975 661 1022 possum,
684 948 890 1020 squalore
910 965 1016 1005 tuos
1035 957 1210 1004 imitata
1228 957 1404 1005 labores
1615 963 1626 971 ’

396 1023 569 1071 Dicar:
605 1021 1452 1085 ethaecbellitemporatristisagam.

332 1087 452 1137 Dux
473 1087 579 1137 Pari
603 1087 842 1144 Priamide,
865 1088 1031 1135 damno
1049 1087 1250 1135 formose
1269 1093 1466 1142 tuorum,

396 1152 516 1200 Tam
541 1154 601 1199 sis
623 1154 798 1200 hostis
786 1169 921 1208 mers,
944 1150 1080 1214 quam
1101 1152 1247 1200 malus
1268 1152 1431 1215 hospes
1451 1165 1570 1203 eru

334 1215 435 1265 Aut
455 1224 502 1265 te
525 1217 752 1265 Taenariae
772 1217 934 1265 faciem
956 1215 1161 1279 culpasse
1180 1218 1374 1273 maritae,

399 1282 500 1329 Aut
518 1283 585 1330 illi
605 1282 770 1331 vellem
792 1282 1073 1346 displicuisse
1092 1289 1232 1330 tuam.

334 1344 426 1402 Tu,
447 1348 525 1409 qui
545 1345 778 1410 pro-rapta
798 1345 1000 1402 nimium,
1026 1347 1252 1403 Menela'e,
1272 1348 1463 1403 laboras,

322 1444 327 1457 .
405 1411 502 1460 Hei
522 1413 645 1468 mihi,
667 1410 802 1474 quam
822 1413 979 1460 multis
999 1411 1160 1460 flebilis
1181 1413 1301 1460 ultor
1321 1412 1436 1461 eris!

299 1533 305 1543 .
335 1474 419 1531 Di,
442 1491 613 1539 precor,
636 1474 665 1524 ὃ,
684 1477 814 1524 nobis
835 1494 971 1526 omen
993 1485 1223 1526 removete
1244 1478 1500 1527 sinistrumz
1623 1514 1630 1519 .

403 1541 471 1589 Ει
492 1556 577 1589 sua
595 1543 672 1603 det
692 1542 845 1589 reduci
865 1543 938 1590 vir
959 1558 1088 1590 meus
1108 1558 1233 1591 arma
1250 1541 1377 1592 Jovi.
1602 1547 1674 1594 ⁵0

339 1606 433 1656 Sed
453 1606 616 1654 timeo:
654 1606 920 1669 quotiesque
942 1608 1061 1656 subit
1079 1607 1331 1657 miserabile
1349 1607 1534 1665 bellum,

403 1671 543 1720 More
565 1673 696 1727 nivis,
718 1671 931 1727 lacrimae,
958 1673 1053 1721 sole
1071 1673 1308 1728 madentis,
1331 1679 1455 1727 eunt.

338 1734 462 1787 Ilion
483 1743 530 1785 et
550 1737 776 1814 Tenedos,
801 1737 1071 1818 Simoisque,
1094 1743 1141 1787 et
1162 1737 1361 1793 Xantus,
1383 1745 1432 1788 et
1451 1735 1556 1795 Ide,

404 1801 611 1851 Nomina
634 1796 773 1850 sunt·
761 1818 859 1865 ipso
880 1818 999 1880 pene
1020 1804 1220 1851 timenda
1242 1818 1372 1852 sono.

339 1867 446 1919 Nec
467 1883 623 1930 rapere
642 1883 845 1946 ausurus,
869 1869 956 1915 nisi
979 1883 1029 1916 se
1050 1866 1289 1916 defendere
1308 1875 1478 1930 posset,

406 1932 601 1996 Hospes
614 1940 737 1982 erat·
775 1930 897 1981 vires
919 1939 1107 1981 noverat
1126 1932 1203 1981 ille
1223 1947 1344 1982 suas.

339 1996 546 2047 Venerat
567 1999 643 2063 (ut
661 1998 783 2046 fama
801 1996 894 2059 est)
916 1998 1063 2047 multo
1083 1998 1337 2060 spectabilis
1355 2012 1482 2056 amo,

407 2063 608 2140 Quique
613 2079 698 2111 suo
721 2062 950 2126 Phrygias
971 2078 1193 2174 corporef
1178 2062 1319 2112 ferret
1337 2077 1461 2126 opes.

344 2125 506 2179 Classe
525 2128 724 2190 virisque
744 2135 918 2191 potens,
940 2144 1022 2191 per
1042 2143 1147 2190 quae
1165 2128 1265 2177 fera
1280 2128 1399 2179 bella
1419 2137 1674 2193 geruntur:

407 2192 476 2242 Et
496 2193 698 2255 sequitur
717 2194 849 2255 regni
869 2208 976 2255 pars
996 2202 1329 2255 quotacumque
1350 2194 1436 2241 sui.
1615 2202 1685 2246 60

347 2256 443 2309 His
461 2273 552 2320 ego
573 2264 621 2306 te
639 2260 822 2314 victam,
844 2273 1035 2306 consors
1056 2257 1229 2306 Ledaea
1246 2259 1467 2322 gemellis,

411 2322 653 2385 Suspicor:
691 2325 793 2372 haec
814 2322 997 2371 Danais
1016 2338 1151 2385 posse
1170 2339 1337 2372 nocere
1357 2331 1481 2385 puto.

318 2440 325 2447 ,
346 2385 554 2435 Hectora
573 2389 727 2438 nescio
747 2402 884 2450 quem
906 2388 1061 2436 timeo.
1105 2387 1237 2437 Paris
1259 2388 1467 2437 Hectora
1488 2391 1657 2440 dixit·

411 2450 580 2499 Ferrea
600 2451 850 2531 sanguinea
868 2453 988 2501 bella
1007 2468 1192 2501 movere
1211 2468 1365 2502 manu.
1546 2486 1563 2503 .

350 2514 569 2570 Hectora,
592 2517 795 2578 quisquis
815 2518 857 2565 is
876 2524 960 2574 est,
983 2519 1024 2565 si
1045 2533 1146 2565 sum
1167 2519 1248 2565 tibi
1269 2533 1385 2575 cara,
1408 2525 1586 2570 caveto.
1649 2540 1672 2571 ι

414 2579 652 2642 Signatum
674 2584 865 2633 memori
883 2589 1068 2646 pectore
1088 2597 1258 2642 nomen
1277 2584 1405 2632 habe.

348 2643 493 2694 Hunc
514 2644 589 2690 ubi
609 2643 780 2700 vitaris,
803 2647 917 2697 alios
934 2648 1081 2696 vitare
1100 2653 1359 2696 memento:

412 2707 479 2756 Et
498 2707 669 2762 misstos
685 2708 777 2758 ime
800 2709 1033 2761 Hectoras
1052 2727 1152 2762 esse
1169 2718 1293 2776 puts·
