1867 2942
563 350 646 418 P.
676 343 981 416 ov1D11
1009 345 1421 430 NASONIS

798 489 958 598 A‘R
980 532 1046 598 T
1072 532 1107 596 1
1137 534 1183 599 s

476 687 1534 804 AMATORIAE

713 923 926 976 LIBER
991 924 1276 976 PRIMUS.

341 1201 398 1253 Sr
417 1201 517 1264 quis
537 1198 586 1245 in
605 1198 693 1244 hoc
713 1201 853 1244 artem
874 1194 1042 1259 populo
1063 1209 1157 1241 non
1179 1193 1309 1242 novit
1329 1195 1533 1255 amandi3

404 1266 492 1315 Me
509 1265 652 1327 legat3
679 1268 727 1309 et
745 1262 864 1309 lecto
885 1259 1083 1307 carmine
1101 1260 1263 1307 doctus
1283 1267 1415 1308 amet.

339 1332 460 1382 Arte
480 1331 595 1384 citae,
618 1327 811 1388 veloque
832 1332 964 1380 rates,
988 1340 1203 1386 remoque
1222 1332 1485 1373 moventur:

404 1396 521 1445 Arte
534 1394 658 1440 leves
679 1406 849 1445 currus,
872 1398 969 1438 arte
984 1390 1210 1453 regendus
1219 1388 1391 1437 ·Amor.

339 1460 558 1513 Curribus
579 1456 882 1511 Automedon,
904 1454 1127 1517 lentisque
1147 1461 1244 1514 erat
1264 1461 1395 1517 aptus
1413 1455 1630 1506 habenis:

401 1523 580 1586 Tiphys
598 1522 647 1568 in
670 1518 918 1568 Haemonia
935 1534 1086 1583 puppe
1104 1521 1321 1583 magister
1339 1528 1449 1568 erat.

336 1588 424 1641 Me
445 1588 607 1636 Venus
628 1584 842 1634 artificem
863 1592 1022 1632 tenero
1042 1584 1245 1647 praesecit
1266 1585 1443 1633 Amori.

399 1652 575 1719 Tiphys
595 1657 642 1701 et
663 1649 955 1699 Automedon
971 1650 1093 1698 dicar
1113 1649 1301 1698 Amoris
1319 1665 1423 1713 ego.

331 1720 422 1772 Ille
442 1720 620 1782 quidem
641 1717 762 1765 ferus
783 1722 866 1772 est,
889 1721 937 1761 et
957 1714 1034 1775 qui
1056 1714 1166 1762 mihi
1188 1730 1311 1778 saepe
1332 1724 1570 1780 repugnet.

399 1785 493 1835 Sed
511 1800 621 1847 puer
642 1788 712 1830 est
719 1799 736 1840 ;
757 1787 869 1829 aetas
884 1779 1034 1827 mollis
1049 1786 1096 1828 et
1117 1786 1221 1843 apta
1242 1780 1355 1843 regi.
1612 1786 1678 1830 10

331 1850 604 1912 Phillyrides
624 1861 811 1911 puerum
831 1842 1003 1892 cithara
1020 1844 1208 1907 perfecit
1228 1844 1464 1904 Achillem

399 1916 555 1978 Atque
576 1914 750 1961 animos
769 1908 945 1974 placidii
962 1911 1168 1958 contudit
1189 1917 1288 1956 arte
1306 1909 1441 1958 feros.

333 1980 429 2039 Qui
448 1980 584 2028 toties
606 1977 765 2033 socios,
787 1976 923 2023 toties
943 1976 1163 2024 exterruit
1184 1976 1352 2032 hostes,

396 2044 609 2096 Creditur
628 2056 849 2090 annosum
868 2039 1155 2104 pertimuiizse
1173 2055 1343 2089 senem.

331 2112 462 2169 Quas
483 2109 663 2157 Hector
682 2121 895 2156 sensurus
914 2114 1025 2161 erat,
1046 2113 1263 2168 poscente
1282 2105 1513 2168 magiztro,

397 2174 670 2224 Verberibus
681 2173 835 2235 jussas
854 2171 1046 2235 praebuit
1066 2171 1143 2218 ille
1164 2185 1337 2218 manus.

329 2241 540 2293 AEacidae
562 2237 748 2292 Chiron,
770 2252 860 2299 ego
881 2251 983 2283 sum
1004 2242 1256 2299 praeceptor
1271 2234 1474 2283 Amoris·

395 2308 557 2356 Saevus
579 2312 768 2365 uterque
787 2316 918 2365 puer:
958 2309 1090 2349 natus
1113 2309 1301 2362 uterque
1321 2298 1444 2348 Dea.

330 2371 424 2421 Sed
445 2379 596 2418 tamen
619 2375 666 2415 et
687 2369 804 2414 tauri
825 2366 981 2413 cervix
1003 2374 1213 2414 oneratur
1234 2370 1410 2412 aratro:

394 2435 634 2494 Frenaque
654 2432 930 2494 magnanimi
952 2432 1085 2479 dente
1107 2436 1314 2478 teruntur
1333 2429 1454 2491 equi.
1482 2467 1485 2470 ,
1605 2435 1677 2479 20

327 2500 397 2550 Et
416 2500 527 2545 mihi
551 2497 678 2543 cedet
701 2497 869 2543 Amor:
898 2497 1103 2557 quamvis
1125 2510 1228 2542 mea
1249 2494 1457 2542 vulneret
1477 2508 1591 2543 arcu

392 2562 602 2615 Pectora,
614 2561 812 2622 Jactatas
832 2562 1119 2621 excutiatque
1138 2559 1275 2606 faces.

326 2628 437 2684 Quo
458 2640 533 2673 me
552 2624 652 2670 fixit
675 2624 833 2679 Amor,
856 2640 947 2685 quo,
969 2640 1043 2671 me
1064 2625 1306 2671 violentius
1330 2624 1466 2682 ussit3

381 2690 502 2739 Hoc
523 2688 683 2738 melior
702 2688 808 2735 facti
832 2688 1030 2737 vulneris
1051 2690 1171 2755 ultor
1191 2703 1283 2735 ero.
