1867 2942
505 137 977 191 MEDICAMINA
1009 136 1265 190 FACIEI.
1458 141 1555 186 273

226 266 368 316 Proin
391 285 441 319 se
459 276 654 335 quaeque
671 280 832 336 parent
848 290 864 332 ;
899 287 985 320 nec
1005 287 1097 334 quo
1118 276 1343 318 venentur
1362 278 1556 323 amores,

290 331 467 384 Refert.
511 337 757 387 Munditiae
776 340 965 386 crimina
984 337 1109 385 nulla
1126 342 1318 384 merent.

225 393 357 447 Rure
376 401 533 458 latent,
555 403 825 467 finguntque
845 418 1014 451 comas.
1060 399 1198 450 Licet
1216 400 1381 448 arduus
1400 397 1501 446 illas

295 462 430 514 Celet
450 467 629 527 Athos;
664 471 808 517 cultas
828 470 948 517 altus
968 469 1146 515 habebit
1166 467 1332 514 Athos.
1489 468 1559 510 30

226 522 320 577 Est
339 532 474 580 etism
496 534 720 596 placuisse
739 536 821 582 sibi
841 543 1176 596 quotacumque
1193 531 1402 595 voluptas
1418 547 1433 577 z

295 594 562 659 Virginibus
583 600 707 647 cordi
726 608 946 663 grataque
963 599 1112 645 forma
1131 611 1215 644 sua
1234 603 1320 643 est.

229 655 461 710 Laudatas
482 665 652 712 homini
673 666 871 713 volucris
889 665 1095 714 Junonia
1112 657 1286 725 pennus

294 725 539 790 Explicat3
575 738 623 778 et
641 728 790 778 forma
807 737 937 777 muta
956 729 1155 791 superbit
1173 727 1287 774 avis.

232 788 310 838 Sic
330 790 483 853 potius
504 810 589 843 nos
609 802 712 844 uret
731 811 883 853 amor3
915 793 1053 856 quim
1071 793 1265 841 sortibus
1284 791 1445 847 herbis,

298 855 429 911 Quas
448 874 585 922 maga
605 861 787 908 terribili
808 862 1016 908 subsecat
1035 868 1134 906 arte
1153 870 1332 904 manus.

233 918 339 968 Nec
359 939 445 971 vos
463 926 754 986 graminibus.
776 936 862 972 nec
881 926 1030 973 mixto
1050 923 1220 970 credite
1239 937 1392 970 succo.

300 984 405 1034 Nec
425 995 600 1037 tentate
618 1006 789 1037 nocens
808 991 935 1037 virus
954 989 1148 1037 amantis
1167 1001 1312 1049 equae.

231 1048 340 1099 Nec
360 1054 522 1102 mediae
543 1054 716 1103 Marsis
735 1054 972 1102 finduntur
992 1053 1197 1100 cantibus
1217 1065 1422 1116 anguesz

300 1115 405 1165 Nec
427 1119 543 1166 redit
561 1119 609 1166 in
629 1120 781 1168 sontes
802 1120 924 1167 unda
944 1118 1105 1182 supina
1124 1133 1244 1165 suos.
1500 1118 1569 1162 40

234 1179 304 1230 Et
325 1185 530 1246 quamvis
550 1184 711 1247 aliquis
730 1183 972 1233 Temesaes
991 1183 1237 1231 removerit
1257 1196 1385 1240 επις

300 1247 565 1311 Numquam
588 1250 725 1299 Luna
746 1252 841 1319 suis
859 1251 1114 1298 excutietur
1134 1248 1277 1310 equis.

236 1311 394 1361 Prima
415 1315 543 1364 sitin
562 1317 693 1365 vobis
713 1332 892 1365 morum
913 1314 1067 1371 tutela,
1089 1313 1281 1378 puellae:

239 1394 248 1403 ·
301 1375 497 1442 Ingenio
516 1380 655 1430 facies
675 1383 944 1431 conciliante
963 1380 1127 1444 placet.

235 1440 404 1493 Certus
425 1461 553 1496 amor
572 1463 752 1497 morum
773 1455 845 1496 est
857 1467 871 1496 ι
908 1447 1102 1494 sormam
1124 1443 1557 1509 populabituraetu,

301 1509 368 1557 Et
387 1512 578 1573 placitus
599 1516 726 1577 rugis
747 1515 901 1563 vultus
922 1519 1075 1561 aratus
1097 1511 1195 1558 erit.

232 1572 440 1638 Tempus
460 1579 559 1633 erit,
582 1595 673 1640 quo
693 1596 779 1627 vos
799 1579 1032 1643 speculum
1052 1577 1221 1624 vidisse
1239 1572 1425 1639 pigebit,

301 1638 370 1687 Et
389 1642 544 1689 veniet
564 1644 692 1705 rugis
707 1645 850 1691 altera
868 1659 1040 1697 caussa,
1062 1640 1203 1689 dolor.

238 1705 430 1760 Sufficit,
452 1713 501 1753 et
518 1707 711 1769 longum
731 1710 930 1770 probitas
949 1706 1161 1770 perdurat
1180 1706 1228 1752 in
1251 1718 1428 1761 aevum3

302 1769 505 1832 Fertque
525 1787 634 1821 suos
656 1787 831 1820 annos:
869 1773 977 1819 hinc
996 1772 1112 1819 bene
1129 1769 1299 1832 pendet
1313 1783 1455 1816 amor.
1507 1767 1577 1815 50

234 1835 385 1886 Disce
404 1853 507 1901 age,
528 1834 632 1885 cum
656 1844 838 1884 teneros
858 1851 1048 1884 somnus
1067 1835 1288 1883 dimiserit
1308 1841 1448 1889 arms,

304 1901 512 1952 Candida
532 1918 623 1966 quo
643 1903 821 1966 possint
841 1917 922 1949 ora
942 1903 1088 1948 nitere
1107 1899 1259 1947 modo.

233 1966 442 2025 Hordea,
465 1984 569 2032 quae
591 1967 755 2030 Libyci
777 1967 948 2014 ratibus
968 1963 1133 2013 misere
1152 1964 1319 2020 coloni,

302 2033 442 2083 Exue
461 2035 518 2082 de
537 2031 666 2098 pelea
686 2033 1051 2095 tegminibusque
1071 2030 1178 2078 suis.

239 2098 332 2149 Par
351 2102 449 2149 ervi
470 2115 684 2148 mensura
703 2100 859 2146 decem
881 2095 1092 2145 madefiat
1114 2096 1171 2143 ab
1190 2094 1289 2142 ovis
1306 2109 1322 2142 ε

305 2166 397 2215 Sed
418 2166 650 2214 cumulent
669 2166 807 2212 libras
827 2163 966 2212 orden
986 2161 1109 2208 nuda
1128 2160 1254 2207 duas.

241 2229 366 2279 Haec
385 2233 461 2279 ubi
483 2240 696 2280 ventosas
717 2229 887 2278 fuerint
908 2230 1077 2276 siccata
1093 2241 1176 2290 per
1197 2238 1358 2282 auras3

307 2294 460 2345 Lenta
469 2298 583 2362 jube
604 2295 760 2345 scabri,
778 2295 961 2358 frangat
981 2292 1120 2342 asella
1138 2287 1277 2340 mola.

240 2360 322 2418 Et,
345 2376 449 2424 quae
469 2363 614 2425 prima
634 2363 803 2410 cadunt
821 2360 972 2408 vivaci
992 2372 1164 2406 cornus
1184 2369 1335 2409 cervo,

310 2424 543 2476 Contere:
580 2427 629 2474 in
650 2428 751 2474 haec
774 2427 903 2474 solidi
927 2431 1057 2473 sexta
1076 2423 1178 2472 face
1198 2421 1312 2471 assis
1332 2424 1421 2467 eat.
1516 2421 1586 2467 60
1671 2485 1675 2491 ‚

240 2492 443 2553 Jamque
463 2492 537 2540 ubi
557 2492 786 2554 pulvereae
804 2490 974 2538 fuerint
996 2489 1186 2537 confusa
1202 2487 1376 2543 farinae,

311 2557 528 2608 Protinus
551 2558 598 2604 in
622 2558 777 2604 cribris
797 2556 953 2604 omnia
972 2570 1108 2603 cerne
1126 2553 1266 2602 cavis.

246 2622 411 2686 Adjice
432 2620 638 2670 Narcissi
658 2622 728 2669 bis
750 2636 833 2670 sex
854 2621 954 2668 sine
974 2620 1144 2667 cortice
1163 2619 1336 2673 bulbos,
1363 2645 1369 2651 ·

314 2687 510 2739 Strenua
529 2703 644 2757 quos
663 2704 780 2753 puro
800 2701 1031 2736 marmore
1051 2685 1212 2734 dextra
1230 2688 1348 2733 teret
1363 2699 1380 2731 ι
