1867 2942
309 162 421 209 ’198
662 153 718 201 P.
749 150 982 203 OVIDII
1014 149 1311 202 NASONIS

327 288 574 338 Promittas
592 284 756 333 facito:
794 285 900 347 'quid
918 284 1041 333 en‘im
1061 284 1323 347 promittere
1336 279 1501 331 laedit‘?
1540 295 1549 302 ·
1610 281 1615 286 '

302 403 308 416 ⁸
395 352 614 400 Pollicitis
633 351 758 399 dives
777 350 961 413 quih'bet
980 365 1079 397 esse
1098 356 1261 412 potest.

330 418 444 481 Spes
465 424 590 464 tenet
609 417 657 462 in
677 423 864 480 tempus,
888 414 1027 463 semel
1047 422 1118 461 est
1139 415 1177 461 si
1199 414 1373 469 credita,
1394 413 1626 476 longum:

394 482 481 529 Illa
502 482 680 543 quidem
699 480 849 536 fallax,
870 480 952 527 sed
970 488 1120 527 tamen
1141 485 1246 542 apta
1266 478 1374 525 Dea
1389 487 1475 525 est.

331 548 384 596 si
403 547 576 594 dederis
595 547 769 607 aliquid,
790 546 961 607 poteris
978 546 1150 592 ratione
1169 544 1371 604 relinqui.

331 621 342 630 “
397 611 683 659 Praeteritum
702 605 868 664 tulerit,
889 609 1213 672 perdideritque
1233 609 1358 655 nihil.

331 677 401 726 At
420 677 539 739 quod
560 692 648 723 non
671 675 856 729 dederis,
880 689 1054 735 semper
1072 674 1252 720 videare
1272 674 1468 721 daturus·

285 753 292 758 ·
399 742 476 790 Sic
497 741 725 788 dominum
737 739 907 786 'sterilis
928 753 1050 801 saepe
1067 736 1224 784 fefellit
1245 753 1366 800 ager.
1555 742 1667 789 450

335 808 424 863 Sic,
450 822 508 854 ne
526 805 774 868 perdiderit,
798 818 891 850 non
913 809 1058 850 cessat
1074 803 1261 865 perdere
1280 803 1427 850 lusor:

400 871 466 920 Et
486 879 668 918 revocat
686 869 867 931 cupidas
887 868 985 915 alea
1001 867 1167 914 blanda
1182 883 1356 915 manus.

336 937 593 998 Hoc²opus,
615 937 688 982 hic
705 936 833 981 labor
851 939 947 980 estz
984 929 1130 996 primo
1150 934 1247 980 sine
1267 947 1455 980 munere
1462 933 1633 998 jungi,

400 1002 479 1049 Ne
500 1000 667 1048 dederit
685 999 840 1063 gratis,
860 1013 963 1060 quae
985 998 1119 1051 dedit,
1139 1012 1284 1058 usque
1303 998 1435 1044 dabit.

336 1066 466 1130 Ergo
489 1073 589 1122 eat;
617 1071 670 1112 et
687 1064 861 1111 blandis
879 1070 1108 1125 peraretur
1125 1063 1255 1110 litera
1275 1063 1442 1109 verbis:

404 1132 711 1193 Exploretque
730 1130 915 1182 animos,
937 1128 1168 1190 primaque
1188 1133 1332 1174 tentet
1350 1127 1451 1175 iter.

337 1196 497 1244 Litera
518 1194 767 1258 Cydippen,
789 1203 924 1256 pom'o
945 1193 1126 1256 perlata,
1148 1190 1306 1239 fefellit
1321 1208 1337 1238 t

404 1259 640 1321 Insciaque
661 1265 731 1306 est
750 1259 896 1305 verbis
916 1264 1047 1321 capta
1058 1257 1207 1319 puella
1227 1257 1334 1304 suis.

341 1326 489 1376 Disce
506 1326 647 1372 bonas
668 1331 799 1378 artes,
825 1320 1034 1387 (moneo)
1057 1322 1267 1369 Romana
1277 1322 1522 1383 juventus;

403 1390 515 1437 Non
534 1390 724 1443 tantum,
748 1387 944 1450 trepidos
959 1393 1011 1433 ut
1029 1394 1184 1433 tueare
1199 1402 1312 1438 reos.
1563 1393 1673 1438 460

344 1452 496 1510 Quam
515 1455 718 1517 populus,
732 1452 962 1515 judexque
980 1453 1145 1514 gravis,
1166 1450 1399 1513 lectusque
1418 1459 1634 1513 senatun

403 1518 522 1566 Tam
535 1519 663 1565 dabit
682 1518 857 1579 eloquio
879 1518 999 1564 victa
1016 1517 1163 1579 puella
1182 1531 1355 1563 manus.

340 1584 435 1634 Sed
453 1584 621 1631 lateant
637 1586 759 1630 vires
774 1599 789 1639 ς
821 1585 907 1628 ‘nec
930 1582 993 1628 sis
1010 1582 1059 1628 in
1077 1579 1229 1629 fronte
1248 1582 1451 1630 diserms.

406 1647 644 1711 Effugiant
664 1663 779 1696 cerae
800 1643 935 1694 verb'a
955 1647 1146 1693 molesta
1166 1654 1274 1693 tuae.
1447 1668 1451 1671 >

343 1715 476 1772 Quis,
497 1713 583 1762 nisi
604 1714 767 1761 mentis
788 1714 928 1774 inops,
951 1718 1121 1759 tenerae
1141 1711 1360 1759 declamet
1378 1712 1564 1762 amicae?
1624 1711 1651 1722 ““

410 1780 543 1841 Saepe
561 1780 718 1826 valens
738 1778 829 1825 odii
846 1778 977 1823 litera
999 1790 1156 1824 caussa
1173 1774 1274 1823 fuit.

346 1846 418 1894 Sit
437 1846 515 1893 tibi
537 1844 757 1892 credibilis
776 1856 939 1896 sermo,
961 1848 1263 1903 consuetaque
1281 1843 1436 1889 verbm

409 1909 588 1957 Blanda
606 1916 770 1963 tamen,
792 1921 993 1970 praesens
1015 1913 1066 1953 ut
1086 1907 1265 1954 videare
1282 1908 1418 1968 loqui.

348 1975 397 2023 si
420 1985 512 2022 no'n
533 1975 719 2036 accipiet
739 1974 967 2035 scriptum,
988 1972 1277 2032 illectumque
1294 1974 1514 2030 remittet3

411 2039 654 2087 Lecturam
677 2053 828 2100 spera:
865 2038 1233 2099 propositumque
1252 2044 1371 2085 tene.
1440 2063 1447 2070 -
1563 2041 1668 2088 470

344 2103 573 2167 Tempore
591 2103 793 2150 ¹difficiles
812 2103 1002 2149 veniunt
1022 2102 1079 2149 ad
1098 2110 1243 2149 aratra
1252 2103 1460 2164 juvenci:
1603 2103 1611 2112 “

409 2168 636 2232 Tempore
653 2168 779 2215 lenta
797 2166 889 2230 pati
908 2164 1037 2213 frena
1057 2167 1274 2214 docentur
1295 2167 1412 2229 equi.

345 2234 543 2284 Ferreus
561 2232 745 2281 adsiduo
766 2232 1044 2279 consumitur
1063 2233 1255 2282 annulus
1275 2243 1382 2279 usu:

411 2297 576 2359 Interit
594 2297 778 2346 adsiduii
795 2309 954 2345 vomer
972 2297 1172 2344 aduncus
1191 2298 1344 2348 humo.

348 2365 473 2419 Quid
493 2365 639 2426 magis
660 2370 730 2411 est
750 2377 860 2410 saxo
880 2361 1071 2409 durum?
1103 2362 1213 2423 quid
1232 2361 1413 2409 mollius
1433 2361 1586 2411 undst?

412 2428 545 2475 Dura
564 2435 715 2474 tamen
736 2427 861 2473 molli
882 2441 993 2473 saxa
1011 2433 1229 2473 cavantur
1248 2424 1377 2487 aqud·

349 2492 607 2553 Penelopen
629 2493 770 2553 ipsam
795 2492 968 2571 (persta
986 2488 1145 2550 modd)
1169 2499 1372 2553 tempore
1391 2490 1560 2539 vincet.

374 2564 378 2568 ’
414 2554 560 2616 Capta
579 2556 707 2601 videa
728 2570 827 2602 sero
851 2555 1098 2616 Pergama3
1131 2558 1261 2616 capta
1280 2563 1453 2602 tamem

454 2620 549 2672 erit,
572 2626 619 2664 et
639 2619 752 2665 nolit
771 2620 1037 2675 rescribere;
1070 2634 1234 2681 cogere
1254 2619 1362 2666 noli.

459 2698 489 2729 u
509 2680 643 2731 modd
657 2682 898 2731 blanditias
913 2682 987 2733 fac
1006 2684 1293 2745 legatusque
1312 2688 1429 2731 tino.
1466 2699 1473 2709 ·
1573 2690 1679 2737 480
