1867 2942
772 725 895 804 -L.
947 722 1022 802 S.

243 908 443 993 Eecr.
481 926 615 1002 tibi,
660 927 885 990 Lector
929 926 1239 1003 benevole,
1283 925 1356 987 P.
1381 923 1583 987 ovidii

242 1037 523 1113 Nasonis,
550 1039 927 1102 eruditissimi
946 1043 1123 1120 juxta
1140 1048 1319 1122 atque
1345 1037 1583 1119 elegan-

240 1140 451 1204 tissimi
491 1149 706 1222 poetae,
756 1141 992 1223 Opera;
1038 1161 1203 1217 cura,
1256 1150 1479 1221 quanta
1519 1122 1608 1202 in‘

244 1245 417 1308 nobis
462 1257 574 1320 est,
628 1265 767 1306 oum
809 1245 1068 1306 editione
1115 1244 1588 1306 emendatissima

241 1350 702 1425 Burmanniana,
722 1369 795 1410 ea
809 1349 1038 1410 scilicet
1057 1369 1190 1430 quae
1210 1347 1588 1410 Amsteloda·

243 1452 328 1513 mi
352 1453 573 1535 prodiit
599 1472 755 1514 anno
792 1454 948 1518 1727
989 1463 1244 1532 quatuor
1279 1451 1591 1514 volumini·

244 1556 357 1616 bus
383 1575 685 1638 expressa,
725 1554 943 1616 collata
981 1566 1044 1616 et
1082 1556 1393 1617 recensita.
1470 1554 1593 1616 Ve-

243 1679 380 1722 rum
406 1661 704 1723 enimvero
732 1660 1059 1722 Burmanni
1084 1660 1334 1741 vestigia
1356 1678 1478 1720 non
1504 1659 1592 1720 ita

240 1758 446 1822 stricte
470 1761 810 1842 pressimus,
831 1771 901 1820 ut
925 1779 1003 1822 ne
1024 1760 1206 1821 semel
1229 1759 1324 1820 vel
1348 1759 1588 1834 iterum,

241 1861 347 1925 ubi
370 1873 574 1925 textus
611 1863 706 1923 vel
737 1863 1182 1924 distinctionum
1206 1863 1358 1924 ratio
1382 1873 1588 1944 postu·
1667 1946 1671 1950 ι

236 1967 366 2029 lare
397 1967 721 2041 videretur,
761 1966 1198 2028 deflexerimus.
1278 1966 1388 2025 Vir
1427 1965 1587 2027 enim

240 2068 357 2132 iste
381 2071 648 2133 eruditus
674 2073 795 2132 non
833 2070 1056 2152 ubique
1080 2070 1192 2132 sibi
1217 2078 1482 2142 constat3
1525 2070 1589 2129 in

246 2173 670 2256 orthographia
729 2173 1056 2256 praesertim
1105 2175 1283 2236 modo
1336 2172 1606 2235 art-,hais-⁴

244 2295 412 2338 mum
436 2277 736 2355 affectans,
763 2279 942 2340 modo
968 2277 1291 2341 fastidiens.
1370 2277 1499 2339 Nos
1525 2287 1595 2338 ut

245 2396 428 2440 unam
470 2399 593 2461 prae
618 2400 684 2442 se
721 2381 982 2463 speciem
1014 2380 1170 2440 ferat
1212 2379 1341 2440 haeo
1387 2378 1594 2454 editio,

248 2501 482 2546 summo
518 2505 697 2568 opere
724 2485 924 2548 conati
948 2505 1170 2546 sumus.
1250 2484 1429 2554 Quod
1454 2483 1504 2544 si
1530 2492 1594 2543 et

176 2650 181 2661 ,
246 2607 359 2650 nos
387 2590 742 2672 quandoque
765 2589 1113 2653 hallucinati
1137 2609 1362 2666 sumus,
1397 2574 1595 2668 ignos-
