1867 2942
42 2636 165 2647 ι--ι-

293 98 362 146 ’10
570 130 575 139 .
632 90 694 142 P.
724 90 960 142 ovaI
990 89 1291 142 NASONIS
1313 93 1324 129 ἵ
1420 47 1425 53 ¹

295 224 371 273 Te
389 224 586 288 vigilans
606 224 761 278 oculis,
783 222 934 271 animo
955 229 1004 269 te
1025 228 1162 269 noete
1175 222 1411 289 videberm

360 286 559 337 Lumina
578 285 681 335 cum
702 289 877 350 placido
897 289 1021 335 victa
1044 303 1207 349 sopore
1215 289 1390 350 jacent.
1532 292 1655 339 loo

297 353 424 411 Quid
438 355 575 401 facies
594 368 807 415 praesens,
831 360 934 414 quae
956 354 1155 399 nondum
1179 353 1279 400 visa
1296 353 1550 415 placebas?

363 419 603 474 Ardebam,
627 420 831 483 quamvis
852 419 958 465 binc
977 419 1137 481 procul
1156 418 1279 480 ignis
1299 425 1411 466 erat.
1515 436 1526 441 ·

220 530 235 540 ,
297 483 404 535 Nec
423 485 550 547 potui
571 484 731 531 debere
751 484 861 531 mihi
883 499 1009 546 spem
1030 480 1214 545 longius
1235 485 1385 540 istam,

364 547 575 598 Caerulea
593 556 791 611 peterem
812 550 927 609 quin.
939 565 1042 595 mea
1062 555 1171 595 vota
1188 545 1279 595 via.

294 613 441 662 Troia
462 615 696 663 caeduntur
719 611 923 676 Phrygia
941 616 1093 676 pineta
1114 614 1273 669 securi,

364 679 576 741 Quaeque
596 687 692 726 erat
714 681 934 741 aequoreis
957 680 1080 726 utilis
1102 680 1233 726 arbor
1252 679 1408 740 aquisa
1496 676 1506 683 ⁸

296 745 457 792 Ardua
478 746 675 806 proceris
698 746 947 806 spoliantur
970 746 1178 807 Gargara
1199 744 1348 791 silvis:

306 808 310 814 ”
363 807 718 872 Innumerasque
737 811 847 856 mihi
867 810 1009 872 longa
1029 811 1106 856 dat
1128 808 1212 855 Ida
1230 810 1395 856 trabes,

296 871 561 924 Fundatura
581 875 693 922 citas
709 875 953 929 flectuntur
975 876 1133 922 robora
1154 889 1321 923 navent
1527 910 1532 914 -

361 937 556 987 Texitur
576 948 622 987 et
644 941 782 987 costis
801 941 949 1002 panda
970 942 1121 987 carina
1142 941 1251 987 suis.
1531 940 1637 986 110

286 1003 524 1052 Addimus
545 1013 779 1060 antennas,
801 1013 849 1051 et
870 1006 971 1053 vela
990 1005 1225 1067 sequentia
1237 1003 1407 1052 malos:

362 1069 545 1131 Accipit
566 1077 612 1115 et
635 1070 779 1131 pictos
792 1073 955 1132 puppis
975 1071 1151 1117 adunca
1172 1069 1318 1116 Deos.

298 1130 409 1190 Qua
423 1142 574 1180 tamen
596 1136 693 1195 ipse
713 1137 868 1191 vehor,
891 1137 1103 1182 comitata
1126 1133 1529 1197 Cupidine'parvo)
1599 1152 1616 1173 -’

364 1197 565 1260 Sponsor
586 1200 784 1262 conjugii
806 1207 896 1246 stat
918 1199 1025 1261 Dea
1042 1201 1164 1262 pieta
1184 1200 1267 1246 sui.
1507 1197 1514 1202 ’

297 1260 523 1324 Imposita
542 1270 612 1309 est
630 1263 766 1310 factae
786 1271 1025 1326 postquam
1042 1279 1203 1311 manus
1218 1264 1382 1310 ultima·
1396 1261 1530 1311 classi
1540 1279 1564 1323 ς
1614 1266 1621 1298 t

320 1350 329 1365 ι
364 1326 580 1375 Protinus
594 1327 777 1390 AEgaeis
795 1330 862 1375 ire
875 1330 1064 1391 jubebar
1084 1330 1226 1389 aquis.

295 1389 365 1442 Et
386 1399 513 1454 pater
533 1400 580 1438 et
600 1394 810 1454 genetrix
830 1394 1035 1440 inhibent
1053 1409 1157 1440 mea
1176 1400 1287 1440 vota
1305 1392 1526 1456 roganda,

363 1456 742 1518 Propositumque
761 1455 834 1518 pia
855 1474 970 1505 voce
990 1465 1226 1505 morantur
1244 1459 1346 1506 iter.

296 1518 367 1571 Et
386 1537 515 1568 soror
533 1520 700 1576 effusis,
722 1529 774 1568 ut
795 1531 903 1578 erat,
929 1521 1186 1573 Cassandra
1206 1522 1394 1585 capfflis,

364 1584 484 1636 cum
506 1586 675 1634 vellent
696 1593 866 1635 nostrae
876 1590 977 1651 jam
1001 1590 1109 1636 dare
1127 1588 1231 1635 vela
1252 1596 1402 1645 rates3
1441 1612 1450 1617 -
1528 1590 1625 1635 120

296 1648 406 1708 Quo
428 1653 553 1700 ruis?
582 1653 827 1711 exclamat3
862 1654 1029 1701 referes
1049 1654 1257 1701 incendia
1275 1660 1458 1701 tecuxm

363 1716 547 1773 Quanta
566 1733 647 1780 per
666 1720 760 1773 has,
784 1721 946 1775 nescis,
969 1718 1153 1766 flamma
1166 1726 1347 1781 petatur
1366 1731 1523 1781 aquas.

295 1780 427 1830 Vera·
442 1783 530 1830 fuit
551 1790 690 1838 vates,
713 1785 859 1831 dictos
880 1786 1137 1833 invenimus
1158 1786 1313 1847 ignes:

358 1847 427 1896 Et
446 1849 568 1896 ferus
589 1850 635 1896 in
653 1849 778 1895 molli
798 1858 982 1911 pectore
1000 1849 1168 1912 flagrat
1187 1864 1330 1896 amor.

295 1911 527 1963 Portubus
546 1916 778 1977 egredior3
812 1917 1051 1977 ventisque
1063 1914 1309 1962 ferentibus
1330 1928 1439 1961 usus

354 1979 577 2042 Adplicor
597 1981 642 2026 in
665 1987 820 2034 terras,
845 1980 1000 2029 OEbali
1022 1980 1253 2043 Nympha,
1276 1987 1392 2026 tuas.
1415 1994 1420 1999 ·

294 2040 483 2107 Excipit
504 2046 697 2106 hospitio
719 2047 790 2091 vir
809 2061 885 2093 me
904 2055 1026 2094 tuus.
1059 2045 1170 2093 Hoe
1190 2059 1370 2106 quoque
1383 2044 1552 2092 suetum
1603 2064 1607 2071 ·

296 2112 310 2137 ³
359 2109 469 2157 Non
493 2111 589 2157 sine
611 2111 798 2156 consilio
819 2113 1166 2172 numinibusque
1188 2110 1361 2157 Dessm.

293 2173 381 2222 Ille
400 2176 579 2237 quidem
602 2176 811 2229 ostendit,
835 2177 1048 2238 quidquid
1070 2175 1405 2223 Lacedaemone
1423 2171 1523 2222 tota

356 2239 546 2288 Ostendi
570 2241 771 2305 dignum,
794 2243 1177 2303 conspicuumque
1196 2240 1297 2286 fuit.
1409 2252 1418 2259 ·
1453 2249 1463 2272 ³
1522 2240 1614 2287 150

291 2304 385 2354 Sed
405 2307 515 2352 mihi
536 2306 760 2366 laudatam
783 2307 980 2368 cupienti
1003 2321 1187 2353 cernere
1207 2305 1417 2360 formam,

356 2368 565 2425 Lumina,
591 2372 652 2417 nil
676 2372 809 2427 aliud,
832 2388 921 2433 quo
945 2378 1221 2434 caperentur,
1246 2375 1359 2417 erat.

291 2433 365 2482 Ut
383 2435 489 2489 vidi,
502 2436 743 2497 'obstupui3
777 2438 1113 2499 praecordiaque
1134 2437 1295 2482 intima
1314 2433 1437 2482 sensi

356 2497 595 2545 Attonitus
617 2502 734 2547 curis
755 2494 1024 2550 intumuisse
1047 2500 1195 2547 novis.
1293 2516 1296 2519 ·

291 2561 386 2610 His
408 2563 575 2610 similes
596 2564 763 2619 vultus,
787 2576 1005 2627 quantum
1029 2566 1306 2618 reminiscor,
1328 2562 1530 2620 habebat.
1591 2599 1598 2604 -

350 2626 496 2675 Venit
514 2629 563 2674 in
583 2629 813 2679 arbitrium
833 2628 941 2679 cum
964 2630 1197 2693 Cytherea
1215 2642 1388 2686 meum.
1504 2626 1508 2631 ’
