1867 2942
318 142 383 188 96
655 134 712 187 Ρ.
747 135 987 187 OVIDII
1022 135 1322 187 NASONIS

318 266 368 315 Si
390 267 472 315 tibi
486 282 579 315 non
599 269 759 329 parcis,
782 268 960 316 dilectae
979 285 1112 331 parce
1130 269 1317 333 puellae:

383 332 504 388 Quae
526 347 782 394 numquam,
807 336 891 380 nisi
907 341 956 381 te
971 334 1151 396 sospite,
1174 349 1329 396 sospes
1349 333 1450 381 erit.

319 397 433 460 Spes
454 405 607 445 tamen
629 407 698 446 est
717 398 871 446 fractis
891 400 1056 446 vicinae
1075 400 1199 461 pacis
1218 401 1266 446 in
1284 398 1431 446 undis.

383 461 504 510 Tum
526 463 722 525 placidas
743 471 843 511 tuto
863 472 1048 526 pectore
1067 464 1190 510 finde
1208 465 1319 511 vias.
1391 459 1402 467 ’

314 525 513 582 Interea,
535 529 663 576 nanti
684 530 893 590 quoniam
913 527 1032 575 freta
1049 529 1207 590 pervia
1225 544 1318 576 non
1339 528 1463 585 sunt,

385 591 552 640 Leniat
570 594 741 641 invisas
757 594 889 640 litera
907 594 1047 640 missa
1066 608 1230 641 moras.
1423 594 1428 599 ’
1559 599 1664 643 210

736 788 1078 840 EPISTOLA
1110 789 1230 841 XX.

736 935 979 969 Aconms
1008 934 1245 969 cvmrmss.

326 1047 466 1096 Pon
479 1056 671 1097 metum:
699 1051 812 1098 nihil
831 1051 904 1097 hic
925 1052 1091 1098 iterum
1103 1051 1278 1114 jurabis
1299 1053 1487 1101 amanti.

391 1113 668 1161 Promissam
691 1118 798 1162 satis
821 1123 890 1163 est
910 1124 958 1162 te
979 1116 1121 1164 semel
1142 1131 1242 1164 esse
1262 1117 1387 1163 mihi.

331 1176 551 1242 Perlege=
579 1181 778 1227 discedat
800 1182 864 1228 sic
886 1197 1075 1244 corpore
1093 1182 1288 1243 languor
1309 1182 1365 1229 ab
1389 1183 1494 1240 isto,

394 1243 489 1299 Qui
509 1259 638 1291 meus
653 1253 736 1302 est,
759 1245 852 1292 ulla
869 1254 1000 1308 parte
1019 1247 1213 1303 dolente,
1237 1246 1379 1295 do'lor.

330 1308 456 1364 Quid
476 1309 619 1371 pudor
640 1325 719 1358 ora
739 1310 887 1358 subit?
910 1327 1029 1366 nam,
1055 1312 1172 1359 sicut
1192 1312 1239 1359 in
1263 1312 1362 1361 aede
1382 1310 1571 1370 Dianae,

394 1374 608 1436 Suspicor
627 1376 849 1438 ingenuas
868 1378 1102 1424 erubuisse
1121 1392 1276 1438 genas.

330 1435 609 1502 conjugium
623 1448 888 1502 pactamque
909 1440 1059 1498 fldem,
1081 1457 1176 1489 non
1199 1442 1399 1498 crimina,
1421 1457 1565 1506 posco
1580 1459 1596 1489 ε

394 1503 663 1565 Βεὺίωεμῑ
684 1507 864 1568 conjux,
888 1522 980 1553 non
1002 1514 1056 1554 ut
1075 1507 1262 1563 adulter,
1285 1522 1403 1556 amo.

330 1568 485 1617 Verba
503 1569 610 1616 licet
631 1578 820 1634 repetas,
842 1587 947 1633 quae
968 1572 1147 1620 dem'tus
1168 1572 1224 1621 ab
1238 1573 1403 1620 arbore
1421 1571 1566 1623 foetus

401 1632 596 1683 Pertulit
616 1636 673 1682 ad
695 1643 853 1691 castas,
877 1652 953 1683 me
964 1638 1178 1700 jaciente,
1201 1652 1363 1685 manus
1370 1654 1388 1697 3
1602 1643 1668 1687 10

331 1697 549 1748 Invenies
570 1701 661 1748 illic
682 1702 728 1749 id
748 1710 795 1750 te
816 1702 1050 1764 spondere,
1073 1703 1196 1764 quod
1215 1712 1337 1765 opto,
1472 1743 1480 1750 .

398 1765 470 1814 Te
489 1763 653 1829 potius,
675 1768 818 1830 virgo,
842 1766 977 1829 quam
999 1768 1258 1816 meminisse
1280 1766 1447 1815 Deam.

334 1829 477 1880 Nunc
491 1847 669 1894 quoque
684 1833 804 1880 idem
816 1834 978 1880 timeo:
1007 1833 1086 1879 sed
1098 1833 1216 1880 idem
1229 1840 1381 1879 tamen
1395 1834 1543 1881 acrius
1555 1834 1669 1883 illud

401 1896 640 1945 Adsumsit
658 1899 803 1955 vires3
827 1906 1046 1958 auctaque
1067 1896 1251 1946 flamma
1269 1896 1401 1947 mora
1418 1906 1505 1946 est.

338 1962 521 2024 Quique
533 1962 621 2010 fuit
641 1978 885 2024 numquam
907 1979 1104 2025 pansum
1127 1978 1249 2010 nunc
1269 1971 1473 2026 tempore
1487 1964 1647 2029 longo,

399 2027 468 2076 Et
489 2043 582 2090 spe,
604 2043 741 2088 quam
764 2029 951 2075 dederas
971 2036 1022 2075 tu
1043 2029 1167 2085 mihi,
1191 2029 1335 2076 crevit
1354 2044 1495 2076 amor.

337 2092 477 2156 Spem
498 2094 607 2140 mihi
630 2101 680 2140 tu
702 2094 906 2141 dederas:
934 2109 1066 2141 meus
1086 2094 1160 2140 hic
1181 2094 1260 2141 tibi
1280 2093 1467 2143 credidit
1488 2093 1639 2142 ardor.

403 2157 514 2206 Non
536 2166 666 2221 potes
687 2159 773 2206 hoc
788 2157 960 2206 factum
981 2166 1099 2206 teste
1121 2174 1290 2222 negare
1311 2157 1436 2207 Dea.

339 2222 515 2279 Adfuit,
538 2231 585 2270 et
604 2239 820 2286 praesen&
844 2233 896 2270 ut
916 2231 1058 2279 erant,
1080 2230 1162 2272 tua
1181 2225 1320 2272 verba
1339 2224 1534 2275 notavit:

404 2287 473 2337 Et
492 2289 591 2336 visa
602 2296 672 2337 est
691 2287 816 2336 motii
836 2289 956 2351 dicta
974 2288 1186 2350 probasse
1206 2287 1353 2336 comi.
1612 2294 1680 2337 90

343 2352 600 2415 Deceptam
615 2355 737 2401 dicas
753 2352 909 2401 nostrii
929 2360 976 2401 te
996 2354 1153 2402 fraude
1172 2355 1344 2401 licebitx

407 2415 537 2465 Dum
558 2418 728 2466 fraudis
749 2426 919 2466 nostrae
941 2434 1099 2466 caussa
1117 2418 1287 2466 feratur
1435 2450 1447 2464 .

345 2480 492 2529 Fraus
506 2478 608 2530 mea
626 2484 735 2543 quid
753 2485 898 2545 petiit,
920 2483 1009 2530 nisi
1029 2485 1095 2531 utl
1116 2484 1196 2531 tibi
1208 2430 1435 2547 ,inoffi
1452 2483 1562 2532 uni?

411 2543 468 2592 Id
489 2561 575 2600 me,
597 2549 719 2608 quod
739 2550 953 2608 quereris,
975 2549 1218 2596 conciliare
1233 2556 1398 2611 potest·

347 2609 457 2657 Non
473 2626 563 2671 ego
585 2610 758 2666 natura,
780 2628 865 2671 nec
887 2628 987 2660 sum
1011 2621 1103 2659 tam
1125 2612 1313 2660 callidus
1328 2629 1435 2662 usuz

413 2674 651 2723 Sollertem
674 2684 723 2722 tu
736 2692 821 2732 me,
849 2670 1028 2741 (crede)
1052 2666 1209 2741 puella,
1233 2676 1357 2726 sacis.
