1867 2942
308 160 375 205 94
650 158 708 208 P.
739 155 975 209 OVIDII
1006 153 1304 207 NASONIS

313 286 383 335 At
403 287 481 335 tibi
503 287 785 338 flammarum
806 290 1012 345 memori,
1036 287 1268 350 Neptune,
1290 293 1473 334 tuarum
1501 291 1506 295 ’
1541 346 1548 355 ¹

378 351 547 401 Nullus
568 362 666 401 erat
685 357 835 403 ventis
856 354 1166 418 impediendus
1188 368 1335 400 amor:
1440 350 1444 359 ’
1552 354 1660 398 130

312 416 364 464 Si
386 433 533 479 neque
554 419 831 481 Amymone,
855 436 942 468 nec
963 419 1269 467 laudatissima
1286 416 1435 464 forma

379 479 595 532 Criminis
616 493 687 532 est
707 485 839 548 Tyro
859 485 1011 532 fabula
1030 498 1150 531 vans.
1169 484 1261 540 tui;

311 545 576 610 Lucidaque
597 550 821 611 Alcyone,
845 549 1070 610 Circeque
1085 555 1133 596 et
1155 548 1389 610 Alymone
1408 551 1535 604 nats,

375 610 442 659 Et
464 614 664 661 nondum
686 618 816 663 nexis
839 622 990 677 angue
1014 614 1210 662 Medusa
1232 613 1400 670 comis3

312 675 542 741 Flavaque
565 679 776 735 Laodice,
799 682 1009 742 coeloque
1028 686 1211 742 recepta
1232 677 1442 733 Celaeno,

378 742 448 791 Et
467 761 656 807 quarum
679 748 863 793 memini
887 746 1074 793 nomina
1093 746 1213 792 lecta
1231 744 1358 791 mihi.

314 807 420 856 Has
446 809 569 858 certe
590 811 829 874 pluresque
850 818 1033 866 canunt,
1058 809 1289 872 Neptune,
1311 807 1466 873 po’etae

379 874 528 923 Molle
547 876 668 925 latus
689 877 817 924 lateri
839 877 1148 940 composuisse
1170 884 1264 922 tuo.

314 936 414 991 Cur
434 941 586 1004 igitur,
609 944 743 990 toties
766 944 886 990 vires
906 948 1121 1005 expertus
1143 940 1323 995 amoris,

379 1004 636 1054 Adsuetum
659 1008 788 1055 nobis
809 1009 989 1055 turbine
1009 1006 1180 1055 claudis
1201 1004 1317 1053 iter?
1554 1006 1659 1053 140

313 1067 461 1118 Parce
478 1072 610 1119 ferox
616 1090 632 1130 ;
654 1073 836 1134 latoque
856 1074 971 1120 mari
993 1079 1074 1120 tua
1092 1070 1255 1136 proelia
1272 1069 1434 1119 misce.

381 1134 567 1183 Seducit
587 1144 730 1184 terras
751 1139 851 1185 haec
869 1138 1021 1185 brevis
1037 1138 1159 1185 unda
1177 1137 1305 1184 duas.

309 1197 386 1248 Te
406 1200 535 1248 decet
556 1208 635 1249 aut
656 1217 847 1265 magnas
861 1218 1083 1266 magnum
1094 1204 1273 1266 jactare
1293 1200 1493 1260 estinan

377 1266 478 1315 Aut
489 1267 625 1314 etiam
647 1268 756 1315 totis
771 1268 989 1316 classibus
1010 1283 1112 1316 esse
1131 1273 1320 1315 trucem.

311 1329 469 1394 Turpe
490 1330 598 1401 Περ
612 1333 776 1396 pelagi,
788 1335 1009 1396 juvenem
1030 1343 1201 1381 terrere
1220 1337 1478 1380 natantem:

381 1395 630 1459 Gloriaque
651 1405 722 1446 est
744 1406 908 1462 stagno
930 1400 1131 1461 quolibet
1151 1399 1240 1446 iste
1259 1397 1423 1445 minor.

313 1458 497 1509 Nobilis
512 1462 589 1509 ille
605 1463 784 1524 quidem
798 1471 884 1521 est,
909 1472 957 1513 et
970 1465 1117 1512 clarus
1135 1461 1331 1527 orig-inex
1360 1461 1443 1512 sed
1455 1472 1553 1511 non

380 1526 428 1575 A
449 1526 529 1574 tibi
552 1537 761 1591 suspecto
783 1529 906 1577 ducit
930 1530 1074 1578 Ulixe
1094 1545 1257 1593 genus.

313 1589 397 1639 Da
417 1593 608 1650 veniam,
634 1609 852 1656 servaque
872 1596 1002 1644 duos.
1033 1594 1180 1644 Natat
1202 1595 1305 1642 illex
1334 1592 1416 1642 sed
1433 1591 1585 1643 isdem

380 1653 560 1720 Corpus
583 1658 794 1717 Leandri,
817 1677 921 1725 spes
942 1677 1058 1717 mea,
1080 1660 1248 1724 pendet
1269 1660 1411 1721 aquis.
1550 1660 1658 1708 150

314 1720 521 1770 Sternuit
541 1730 588 1772 et
608 1725 783 1774 lumen:
813 1728 987 1792 (posito
1009 1742 1116 1775 nam
1138 1726 1372 1775 scribimus
1393 1721 1515 1789 illo.)

380 1787 608 1848 Sternuit3
629 1797 677 1839 et
697 1792 826 1840 nobis
839 1808 1056 1857 prospers
1075 1793 1210 1855 signa
1229 1791 1366 1839 dedit.

313 1849 441 1901 Ecce
455 1869 630 1903 merum
652 1858 808 1905 nutrix
826 1857 1002 1906 faustos
1021 1857 1212 1905 instillat
1231 1857 1280 1904 in
1300 1858 1455 1919 ignes:

380 1916 586 1982 Crasque
609 1923 776 1969 erimus
796 1924 961 1986 plures,
984 1924 1145 1985 inquit,
1167 1929 1214 1970 et
1233 1923 1335 1985 ipsa
1351 1921 1484 1971 bibit.

314 1981 464 2031 Effice
484 1999 569 2033 nos
590 1986 754 2049 plures,
778 1988 926 2036 evicta
945 2004 1029 2051 per
1049 2002 1232 2051 aequora
1251 1988 1424 2051 lapsu&

381 2048 426 2096 Ο
448 2053 627 2112 penitus
648 2060 747 2100 toto
771 2055 906 2102 corde
931 2062 1110 2116 recepte
1131 2052 1256 2100 mihi.

315 2112 376 2162 In
399 2121 478 2163 tua
498 2124 648 2164 castra
668 2119 780 2174 redi,
804 2121 914 2167 socii
937 2120 1142 2167 desertor
1164 2117 1366 2166 Amoris.

382 2178 623 2229 Ponuntur
642 2184 790 2231 medio
813 2199 894 2231 cur
914 2200 1018 2232 meu
1036 2185 1240 2231 membra
1259 2180 1397 2230 toro?

316 2244 457 2301 Quod
477 2248 649 2304 timeus,
674 2264 767 2295 non
789 2256 873 2297 est.
918 2250 1052 2297 Auso
1075 2249 1239 2296 Venus
1258 2249 1359 2311 ipsa
1376 2246 1570 2296 favebitt

382 2310 564 2360 Sternet
584 2321 631 2360 et
654 2329 900 2376 aequoreas,
923 2330 1107 2377 aequore
1129 2322 1246 2369 nats,
1271 2315 1384 2361 vias.
1552 2316 1652 2361 160

314 2371 394 2422 Ire
414 2375 523 2422 libet
543 2379 738 2427 tumidas
757 2381 843 2442 ipsi
863 2381 977 2427 mihi
1000 2396 1122 2443 saepe
1142 2392 1224 2442 per
1245 2379 1414 2426 undas:

383 2439 476 2487 Sed
497 2443 613 2489 solet
635 2444 722 2491 hoe
743 2446 941 2492 maribus
961 2447 1104 2492 tutius
1124 2460 1226 2492 esse
1246 2443 1432 2491 fretum.

316 2502 443 2551 Nam
464 2520 557 2560 cur,
580 2508 667 2554 hoc
688 2511 832 2557 vectis
855 2509 1046 2572 Phryxo
1070 2509 1337 2571 Phryxique
1356 2521 1530 2564 sorore.

385 2568 494 2616 Sola
515 2570 637 2617 dedit
657 2574 799 2620 vastis
817 2574 989 2622 femina
1009 2589 1178 2622 nomen
1201 2571 1357 2635 aquis?

318 2631 530 2680 Forsitan
551 2635 609 2681 ad
629 2637 822 2683 reditum
843 2640 1021 2687 metuas
1041 2655 1100 2687 ne
1121 2645 1326 2701 tempora
1345 2637 1510 2694 desint.

383 2695 485 2743 Aut
503 2701 676 2760 gemini
691 2716 889 2763 nequeas
907 2703 1028 2754 ferre
1046 2703 1213 2751 laboris
1234 2718 1369 2751 onus.
