1867 2942
554 152 934 205 HRROIDES.
967 153 1133 204 Erm.
1170 152 1214 202 1.
1509 156 1556 200 ’3

204 283 426 335 Misimus
446 292 494 332 et
516 285 737 349 Spartenz
776 286 944 350 Sparte
965 302 1148 348 quoque
1168 287 1323 334 nescia
1344 285 1461 334 v'eri.

272 350 406 407 Quas
425 352 600 399 habitas
621 359 777 408 terras,
801 360 880 400 aut
899 354 977 408 ubi
999 353 1150 400 lentus
1171 354 1279 400 abes
1294 351 1318 397 ἲ
1344 350 1355 362 ’
1517 350 1521 355 ’

207 414 385 464 Utilius
406 424 579 464 starent
599 418 734 465 etiam
757 434 878 467 nunc
899 419 1072 466 moenia
1092 417 1271 467 Phoebi.

274 480 480 546 (Irascor
500 486 623 533 votis
643 484 734 530 heu
748 484 864 533 levis
885 485 984 547 ipsa
998 484 1112 530 meis
1123 482 1160 545 Ξ)

207 546 384 595 Scirem
405 548 482 597 ubi
501 563 762 612 pugnares;
796 557 844 596 et
865 552 1047 598 tantum
1068 550 1186 596 bella
1205 549 1412 595 timerem
1429 564 1446 606 ;

271 611 341 660 Et
360 629 464 661 mea
484 630 589 663 cum
610 615 766 663 multis
778 616 945 678 juncta
959 614 1293 677 querelaforet.
1493 615 1559 661 70

207 677 336 734 Quid
358 681 541 728 timeam
561 681 756 744 ignoro:
795 683 935 729 timeo
950 689 1105 728 tamen
1128 681 1281 728 omnia
1303 679 1489 726 demens
1505 696 1520 726 ε

272 743 340 792 Et
359 752 485 808 patet
504 746 553 792 in
575 761 708 793 curas
729 762 834 794 area
851 747 944 793 lata
964 762 1104 799 meas.
1521 768 1524 773 v

205 808 524 872 Quaecumque
545 826 703 873 aequor
714 813 863 870 habet,
877 826 1177 873 quaecumque
1192 810 1392 873 pericula
1406 810 1559 865 tellus,

271 873 392 922 Tam
412 876 569 940 longae
590 892 772 924 caussas
791 878 997 940 suspicor
1017 892 1118 925 esse
1140 891 1297 923 morae.

206 938 333 988 Haec
365 956 457 1005 ego
479 944 589 990 dum
611 939 755 990 stulte
774 944 969 989 meditor
994 944 1119 1006 (quae
1141 949 1294 988 vestra
1312 941 1451 989 libido
1467 937 1561 1007 est)

271 1005 393 1054 Esse
413 1008 658 1071 peregrino
672 1014 830 1070 captus
849 1023 1006 1055 amore
1023 1014 1169 1070 potes.

205 1068 420 1121 Forsitan
442 1081 490 1121 et
511 1088 683 1128 narres,
704 1071 842 1134 quam
860 1075 919 1121 sit
941 1074 1022 1120 tibi
1044 1074 1213 1120 rustica
1228 1074 1397 1136 conjux
1409 1089 1426 1131 ς
1513 1088 1534 1101 ··

280 1135 404 1192 Quae
424 1135 606 1186 tannim
625 1139 752 1186 lanas
773 1153 871 1187 non
891 1139 1013 1187 sinat
1035 1152 1140 1199 esse
1156 1138 1306 1186 rudes.

207 1198 390 1261 Fallax-3
411 1210 463 1250 et
481 1204 571 1251 hoc
590 1204 764 1251 crimen
785 1210 947 1251 tenues
969 1209 1184 1250 vanescat
1199 1204 1249 1251 in
1265 1218 1423 1252 auras:

273 1265 423 1324 Neve,
446 1269 706 1317 revertendi
726 1269 850 1324 liber,
875 1270 1032 1316 abesse
1053 1269 1181 1316 velis.
1496 1271 1565 1316 80

206 1331 297 1380 Me
316 1341 446 1396 pater
468 1330 645 1382 Icarius
663 1334 804 1383 viduo
826 1335 1059 1383 discedere
1077 1334 1201 1381 lecto

276 1396 433 1462 Cogit,
456 1407 505 1447 et
523 1400 771 1448 immensas
792 1400 996 1462 increpat
1016 1414 1158 1461 usque
1179 1415 1345 1447 moras.

206 1461 425 1527 Increpet
445 1479 589 1527 usque
602 1465 738 1514 lioetz
775 1473 856 1513 tua
870 1481 986 1520 sum,
1011 1472 1091 1513 tua
1111 1465 1234 1512 dicar
1256 1471 1435 1528 oportet

275 1528 535 1593 Penelopez
575 1533 744 1595 conjux
765 1547 946 1594 semper
970 1530 1125 1578 Ulixis
1140 1547 1233 1577 ero.

208 1592 300 1643 Ine
320 1601 476 1644 tamen
497 1597 665 1659 pietate
685 1595 790 1645 mea
809 1598 1105 1659 precibusque
1124 1596 1303 1659 pudicis

275 1659 537 1724 Frangitur,
563 1669 611 1711 et
631 1663 752 1710 vires
773 1670 998 1725 temperat
1017 1664 1117 1725 ipse
1140 1674 1262 1709 suas.

208 1723 430 1782 Dulichii,
455 1727 697 1789 Samiique,
717 1736 777 1784 et,
800 1745 915 1789 quos
939 1728 1044 1775 tulit
1065 1728 1156 1775 alta
1178 1727 1453 1790 Zacynthos,
1531 1742 1539 1758 “

275 1790 433 1839 Turba
453 1801 592 1841 ruunt
612 1794 662 1840 in
684 1809 761 1840 me
781 1794 1027 1848 luxuriosa,
1050 1793 1199 1855 proci:

202 1853 362 1969 ‘Inque
377 1855 457 1906 tua
478 1865 686 1922 regnant,
711 1858 848 1907 nullis
862 1858 1213 1925 prohibentibus,
1237 1855 1355 1906 aula.

328 1938 474 1971 iscera
494 1931 663 1980 nostra,
685 1931 780 1972 tuae
795 1925 1070 1971 dilaniantur
1091 1938 1216 1986 opes.
1502 1928 1570 1972 90

209 1985 427 2043 Qnidtibi
438 1989 729 2044 Pisandrum,
738 1988 1069 2051 Polybumque,
1076 1988 1391 2049 Medontaque
1403 1988 1566 2048 dirum,

276 2052 652 2117 Eurymachique
670 2055 843 2110 avidas,
868 2055 1155 2115 Antinoique
1176 2069 1352 2110 manus,

208 2119 262 2168 A
313 2134 374 2168 ue
396 2121 510 2169 alios
531 2121 737 2177 referam,
761 2137 876 2182 quos
899 2135 1059 2169 omnes
1080 2121 1275 2182 turpiter
1296 2121 1461 2169 absens

307 2200 389 2248 pse
411 2192 492 2234 tuo
512 2188 652 2250 partis
674 2188 899 2251 sanguine
914 2187 1053 2243 rebus,
1072 2186 1154 2234 alis
1167 2186 1191 2232 Ρ

209 2246 319 2298 Irus
338 2266 498 2314 egens,
520 2254 786 2315 pecorisque
808 2252 1093 2300 Melanthius
1115 2258 1242 2300 actor
1262 2250 1438 2308 edendi,

279 2314 486 2365 Ultimus
508 2320 730 2366 accedunt
751 2320 800 2366 in
821 2326 902 2367 tua
922 2319 1089 2366 damna
1107 2319 1267 2380 pudor.

209 2378 333 2429 Tres
354 2397 512 2437 sumus
533 2384 736 2432 imbelles
758 2398 981 2442 nurnero;
1016 2384 1115 2431 sine
1129 2384 1300 2430 viribus
1315 2396 1446 2440 uxor,
1543 2389 1552 2401 ’

278 2443 562 2510 Laertesque
583 2465 738 2506 senex,
762 2449 1160 2511 Telemachusque
1177 2463 1307 2511 puer.

210 2508 304 2560 Ille
322 2527 406 2576 per
424 2514 610 2563 insidias
631 2512 751 2578 pene
772 2523 844 2562 est
861 2516 977 2561 mihi
1000 2531 1143 2578 nuper
1165 2515 1403 2573 ademtam

278 2576 414 2626 Dum
434 2588 576 2642 parat,
597 2582 758 2629 invitis
772 2581 995 2638 omnibus,
1017 2581 1086 2628 ire
1106 2578 1277 2643 Pylon.
1471 2581 1575 2626 100

212 2641 286 2691 Di
306 2659 469 2708 precor
489 2646 578 2694 hoc
589 2647 794 2710 jubeant,
816 2654 882 2701 ut,
912 2646 1123 2694 euntibus
1145 2646 1305 2696 ordine
1320 2643 1441 2701 fatis,

282 2707 373 2760 Ille
393 2726 522 2761 meos
544 2712 704 2764 oculos
725 2712 1009 2776 comprimat,
1027 2710 1109 2762 ille
1129 2718 1250 2765 tuos·
