1867 2942
321 141 424 197 '1⁷78
663 144 721 193 Ρ.
753 141 983 194 ovum
1016 139 1323 204 HAsoms

325 274 411 331 Te,
437 273 554 331 Dea,
575 274 830 326 munificam
851 283 1015 339 gentes
1034 275 1300 336 ubicumque
1318 275 1597 339 loquuntur-t

392 339 496 387 Nec
516 338 665 388 minus
685 292 891 388 humanigs
912 341 1084 387 invidet
1105 340 1196 387 ulla
1215 341 1362 389 bonis·

330 402 459 454 Ante
481 419 564 453 nec
583 406 742 453 hirsuti
762 406 991 453 torrebant
1008 405 1126 451 farra
1145 406 1323 453 coloni·

394 469 498 517 Nec
519 478 675 518 notum
695 471 827 518 terris
847 483 951 518 area
970 484 1134 517 nomen
1156 477 1266 517 erat.

331 535 423 587 Sed
441 536 652 596 glandem
672 551 875 597 quercus,
898 536 1078 582 oracula
1099 536 1254 596 prima,
1274 534 1495 582 ferebant.

395 599 519 647 Haec
539 608 648 654 erat,
671 607 717 647 et
733 602 879 647 teneri
899 601 1080 662 cespitis
1097 601 1245 655 herba,
1271 602 1408 647 cibus.
1599 604 1662 647 10

331 664 487 714 Prima
509 664 651 713 Ceres
672 666 823 712 docuit
842 672 1102 727 turgescere
1121 679 1275 711 semen
1296 667 1344 712 in
1366 665 1489 728 agris
1499 680 1517 721 ς
1530 687 1541 697 ·

398 729 535 777 Falce
557 731 774 777 coloratas
796 731 1111 790 subsecuitque
1132 744 1299 776 comas.

333 795 490 845 Prima
499 795 617 857 jugo
638 802 789 841 tauros
812 810 1059 858 supponere
1080 794 1196 842 colla
1211 795 1395 857 εοέςίῖς

365 869 372 876 ’
397 859 465 908 Et
485 868 682 907 veterem
705 875 843 910 curvo
864 860 999 906 dente
1020 860 1194 907 revellit
1212 860 1412 905 humum.

333 923 476 973 Hanc
495 926 726 986 quisquam
746 925 942 972 lacrimis
962 925 1107 971 laetari
1128 924 1270 970 credit
1291 929 1535 980 amantum,

398 989 465 1037 Et
481 991 598 1036 bene
605 991 850 1037 tormentis
871 990 1160 1049 secubituque
1174 988 1262 1034 coli
1273 989 1297 1034 ?

333 1053 452 1104 Nec
460 1062 611 1104 tamen
632 1062 701 1102 est
720 1047 946 1118 (quamvis
969 1068 1102 1116 agros
1124 1060 1245 1100 amet
1262 1054 1340 1100 illa
1358 1049 1580 1113 feraces)

398 1119 614 1167 Rustica.
653 1134 736 1165 nec
756 1119 941 1166 viduum
962 1126 1121 1180 pectus
1143 1120 1307 1165 amoris
1327 1119 1475 1164 habet.

336 1183 500 1235 Cretes
520 1191 653 1231 erunt
671 1191 838 1241 testes;
874 1198 960 1229 nec
978 1182 1159 1244 fingunt
1179 1184 1330 1230 omnia
1347 1180 1541 1231 Οτεῖρει

361 1293 370 1298 „
403 1248 577 1304 Cretes,
599 1249 769 1294 nutrito
790 1256 909 1295 terra
930 1248 1119 1309 superba
1138 1247 1272 1294 Jove4
1595 1250 1661 1292 20

336 1312 452 1368 nne,
476 1314 692 1360 sideream
712 1314 868 1360 mundi
890 1314 966 1373 qui
988 1319 1208 1374 temperat
1222 1327 1383 1368 arcem,

397 1377 611 1440 Exiguus
632 1385 787 1425 tenero
808 1379 876 1424 lac
895 1378 1005 1423 bibit
1026 1393 1106 1422 ore
1125 1392 1249 1437 puer.

335 1442 646 1506 Magna'fldes
663 1444 770 1489 testi
787 1460 798 1488 z
837 1442 971 1488 testis
988 1442 1194 1487 laudatur
1210 1442 1409 1488 altarino.

335 1511 362 1531 ·’
399 1508 638 1557 Fassuram
664 1506 876 1555 Cererem
898 1507 1085 1553 crimina
1105 1512 1214 1552 nota
1232 1511 1357 1567 puto.

335 1573 526 1621 Viderat
548 1571 715 1618 I'asium
740 1569 921 1619 Cretaea
942 1570 1068 1616 Diva
1089 1572 1171 1617 sub
1193 1568 1278 1618 Ida

401 1637 642 1701 Figentem
666 1633 789 1683 certa
806 1643 938 1698 terga
955 1635 1101 1683 ferina
1119 1650 1270 1682 manu.

335 1703 479 1758 Vidit,
501 1709 547 1749 et
569 1708 619 1748 ut
639 1709 808 1748 tenerae
827 1700 1054 1747 flammam
1077 1715 1264 1761 rapuere
1283 1698 1522 1756 medullae,

259 1777 268 1783 ’
399 1768 527 1815 Hinc
547 1768 702 1830 pudor,
726 1779 785 1813 ex
806 1764 892 1812 alia
909 1772 1038 1827 parte
1057 1766 1260 1811 trahebat
1281 1779 1420 1811 amor.

251 1843 255 1847 “
336 1834 503 1882 Victus
524 1838 675 1880 amore
694 1832 850 1893 pudor.
886 1830 1047 1877 Sulcos
1069 1844 1195 1876 arere
1212 1830 1403 1894 videres,

400 1898 469 1947 Et
490 1906 586 1945 sata
605 1912 707 1943 cum
729 1894 914 1941 minima
933 1902 1060 1955 parte
1082 1895 1225 1941 redire
1246 1895 1330 1941 sui.
1418 1901 1427 1907 “
1588 1898 1657 1940 50

339 1963 462 2015 Cum
482 1964 595 2009 bene
607 1962 764 2023 jactati
782 1958 1014 2022 pulsarant
1030 1975 1137 2006 arva
1155 1958 1346 2021 ligones,
1468 1955 1479 1964 ”

399 2029 606 2090 Ruperat
626 2033 673 2072 et
692 2027 846 2072 ‹hrram
866 2038 1026 2071 vomer
1046 2024 1245 2072 aduncus
1264 2026 1466 2078 humum,

335 2092 636 2153 Seminaque
626 2107 672 2137 m
693 2091 808 2137 latos
828 2090 974 2136 ierant
995 2089 1224 2150 aequaliter
1246 2103 1411 2150 ugron

404 2158 539 2205 Irrita
560 2156 731 2216 decepti
752 2163 860 2202 vota
880 2155 1068 2201 colentis
1084 2161 1227 2200 erant.

336 2222 476 2278 Diva,
499 2231 659 2285 potens
676 2219 873 2281 frugum,
898 2220 1022 2265 silvis
1043 2219 1275 2266 cessabat
1263 2233 1310 2264 ιιι
1331 2218 1458 2292 altis·

403 2287 682 2335 Deciderant
701 2286 853 2346 longae
875 2283 1024 2346 spicea
1043 2291 1161 2331 serta
1183 2298 1340 2330 comae.

340 2352 450 2401 Sola
467 2352 554 2398 fuit
571 2349 708 2399 Crete
727 2348 919 2395 fecundo
940 2347 1098 2395 fertilis
1120 2363 1254 2394 anno.

402 2415 582 2470 Omnia,
602 2429 691 2475 qua
710 2414 872 2460 tulerat
893 2429 942 2459 se
964 2412 1080 2468 Dea,
1104 2414 1263 2459 messis
1283 2418 1426 2464 erant.

342 2480 451 2542 Ipse
470 2481 596 2525 locus
617 2492 851 2525 nemorum
874 2478 1059 2523 canebat
1076 2477 1282 2538 frugibus
1305 2475 1401 2531 Ide,

405 2542 473 2589 Et
491 2544 646 2588 ferus
634 2558 681 2588 m
703 2541 817 2588 silva
836 2542 954 2588 farra
973 2542 1167 2588 metebat
1187 2555 1306 2601 aper.
1599 2542 1666 2586 40

338 2606 526 2670 Optayit
548 2606 706 2652 Minos
726 2606 894 2652 similes
915 2607 997 2651 sibi
1012 2606 1171 2666 legifer
1189 2619 1358 2651 annos.

402 2669 591 2734 Optavit
603 2669 792 2719 Cereris
810 2670 976 2732 longus
997 2677 1048 2717 ut
1068 2675 1188 2720 esset
1207 2681 1351 2717 amen
