1867 2942
318 106 425 196 κ’
520 112 524 116 ’
642 142 967 196 novum
997 140 1346 193 NAsoms‘

318 277 422 324 Nec
444 275 565 324 male
585 284 713 340 parta
740 274 816 324 diu
837 283 1019 334 teneat3
1052 278 1272 339 pejusque
1291 274 1529 336 relinquat.

330 342 339 351 ’
384 342 583 390 Exsulet
595 360 610 400 3
645 350 694 388 et
714 349 813 389 toto
835 350 1010 404 quaerat
1030 343 1077 389 in
1100 344 1209 390 orbe
1228 341 1405 403 fugam.

318 407 474 464 Quam
491 408 619 455 fiatri
641 423 858 471 germana
877 408 977 461 fuit.
994 408 1248 469 miseroque
1268 405 1442 469 parenti
1581 442 1586 453 ,

386 473 502 521 Filia
513 491 529 532 3
564 480 657 519 tam
681 475 810 529 natis,
833 481 927 520 tam
952 475 1011 520 sit
1032 473 1190 520 acerba
1210 473 1324 519 viro.
1567 473 1670 518 160

319 536 442 595 eum
465 554 600 593 mare,
622 536 729 597 eum
749 546 905 595 terras,
928 539 1231 586 consumserit
1242 555 1258 596 3
1295 537 1399 585 ae‘ra
1418 540 1581 583 tentet.

384 604 522 652 Erret
541 605 685 667 inops,
709 619 884 667 exspes,
910 605 1036 651 caede
1061 610 1249 651 cruenta
1269 600 1365 650 sud.

318 668 442 716 Haec
457 685 547 733 ego
568 671 781 733 conjugio
800 669 1007 717 fraudata
1025 669 1279 717 Thoantias
1299 684 1379 716 oro
1388 678 1406 720 ’ς

383 732 543 783 vivite
561 737 740 792 devoto,
765 743 1005 799 nuptaque,
1022 736 1194 796 virque,
1217 742 1334 782 toro·
1461 742 1466 747 ⁴

624 895 635 903 ’
735 930 1077 980 EPISTOLA
1110 927 1230 978 v11.

823 1076 943 1109 nmo
974 1076 1159 1109 AERRAE.

317 1188 417 1247 810,
439 1192 514 1239 ubi
534 1190 634 1240 fata
651 1200 831 1248 vocant,
856 1193 957 1239 udis
981 1193 1180 1255 abjectus
1199 1191 1250 1238 in
1263 1190 1430 1246 herbis,

380 1256 459 1305 Ad
480 1259 596 1305 vada
617 1258 845 1305 Maeandri
867 1258 1068 1305 concinit
1082 1258 1209 1305 albus
1230 1257 1343 1304 olor.

313 1320 432 1378 Nec,
455 1324 560 1384 quia
582 1330 628 1370 te
650 1320 805 1370 nostra
825 1339 1000 1387 sperem
1019 1339 1156 1386 prece
1175 1339 1311 1386 posse
1326 1320 1515 1380 moveri,

380 1388 644 1449 Adloquor:
686 1390 874 1436 adverso
889 1390 1117 1437 movimus
1132 1390 1220 1436 ista
1242 1387 1365 1435 Deo.
1472 1443 1479 1451 ⁴

313 1453 408 1501 Sed
426 1454 587 1501 merita
608 1462 655 1501 et
674 1454 855 1509 famam,
865 1470 1118 1519 corpusque
1132 1457 1332 1502 animum
1364 1468 1422 1499 ue
1443 1451 1664 1515 pudicum

381 1515 504 1567 Cdtn
525 1517 646 1566 male
665 1519 947 1582 perdiderim,
970 1521 1156 1583 perdere
1183 1520 1333 1575 verba,
1373 1532 1458 1565 eve
1473 1524 1560 1565 est.

316 1582 485 1634 Certus
501 1599 551 1631 es
572 1586 638 1632 ire
658 1592 825 1640 tamen,
848 1587 1151 1648 miseramque
1172 1586 1426 1647 relinquere
1439 1580 1568 1632 Dido
1581 1601 1596 1631 z

377 1649 535 1711 Atque
549 1650 669 1699 idem
691 1651 818 1699 venti
837 1651 943 1699 vela
961 1651 1187 1714 fidemque
1208 1650 1372 1697 ferent.

312 1709 483 1764 Certus
497 1730 559 1771 es,
584 1715 749 1772 AEneffi
773 1732 877 1764 cum
898 1716 1071 1764 foedere
1091 1717 1267 1764 solvere
1288 1728 1452 1763 naves:

380 1780 591 1843 Quaeque
611 1783 686 1829 ubi
707 1783 800 1829 sint
826 1784 988 1838 neseis,
1003 1781 1135 1830 =Itala
1155 1797 1298 1845 regna
1319 1780 1461 1842 sequi.
1595 1781 1663 1826 10

303 1844 418 1893 ‘Nec
438 1860 559 1894 nova
583 1845 829 1912 Carthago,
852 1863 939 1895 nec
960 1856 1009 1896 te
1040 1848 1291 1895 crescentia
1311 1849 1510 1908 tangunt
1667 1868 1672 1874 ·

377 1910 586 1971 Moenia;
620 1926 707 1960 nec
728 1922 905 1977 seeptro
928 1914 1093 1961 tradita
1115 1928 1293 1960 summa
1313 1919 1409 1959 tuo.

312 1974 457 2025 Facta
475 1976 628 2040 fugis3
660 1978 866 2027 facienda
885 1981 1018 2042 petis.
1063 1978 1327 2034 Quaerenda
1346 1990 1429 2040 per
1449 1974 1603 2024 orbem

374 2040 550 2098 Altera,
572 2045 764 2105 quaesita
783 2053 853 2092 est
874 2045 1015 2092 altera
1033 2050 1155 2091 terra
1175 2044 1269 2090 tibi.

312 2106 384 2155 Ut
402 2114 569 2155 terram
590 2111 809 2166 invenias,
830 2110 932 2172 quis
953 2124 1055 2157 eam
1076 2110 1156 2155 tibi
1177 2109 1325 2155 tradet
1344 2103 1624 2156 habendam?

374 2172 494 2228 Quis
516 2188 599 2221 sua
617 2191 709 2222 non
730 2176 852 2222 notis
873 2189 982 2222 arva
1001 2174 1196 2222 tenenda
1216 2172 1337 2220 dabit
1350 2172 1373 2219 ἰ’

310 2236 446 2286 Alter
466 2239 697 2287 habendus
717 2255 845 2288 amor
865 2240 946 2287 tibi
968 2247 1121 2295 restat,
1144 2246 1193 2286 et
1214 2237 1354 2286 altera
1373 2237 1535 2286 Dido:

374 2301 617 2367 Quamque
636 2307 801 2352 iterum
812 2304 963 2360 fallas,
987 2305 1128 2353 altera
1147 2303 1294 2351 danda
1312 2303 1441 2351 fides.

309 2366 509 2424 Quando
530 2372 631 2428 erit,
651 2378 704 2418 ut
724 2372 893 2418 condas
913 2372 1057 2419 instar
1081 2368 1374 2432 Carthaginis
1393 2367 1569 2426 urbem,
1626 2432 1630 2435 Α
1733 2378 1740 2387 “

372 2429 441 2482 Et
458 2435 613 2483 videas
632 2437 824 2500 populos
843 2437 964 2484 altus
984 2437 1041 2485 ab
1061 2446 1165 2485 arce
1185 2443 1291 2484 tuos
1305 2432 1330 2481 2
1590 2435 1657 2480 20

309 2498 479 2548 Omnia
497 2507 550 2548 ut
571 2503 793 2559 eveniant,
817 2510 904 2551 nec
924 2511 973 2550 te
993 2510 1072 2551 tua
1090 2510 1201 2552 vota
1218 2505 1453 2550 merentur
1463 2516 1482 2557 3
1662 2504 1670 2515 ⁴

374 2564 515 2614 Unde
536 2566 629 2622 tibi,
652 2576 758 2629 quae
776 2575 826 2616 te
845 2569 911 2616 sie
931 2575 1068 2626 amet,
1090 2582 1210 2617 uxor
1230 2565 1353 2616 erit?

309 2628 447 2686 Uror,
472 2637 524 2678 ut
543 2631 728 2680 inducto
750 2640 916 2682 ceratae
938 2633 1112 2683 sulfure
1128 2633 1293 2683 taedaee

373 2694 445 2743 Ut
464 2696 540 2759 pia
558 2695 751 2747 fumosis
772 2699 922 2750 addin
942 2706 1047 2750 tura
1066 2699 1195 2750 focis.
