1867 2942
278 90 382 163 ἐκ·
607 104 694 166 'R
727 108 961 165 ovum
994 106 1304 164 NAsoms„

301 243 548 309 Argolidas
567 245 698 293 timui
713 263 739 294 ι
765 238 922 293 nocuit
943 246 1055 292 mihi
1074 245 1259 292 barbara
1277 244 1442 308 peuex.

367 310 480 358 Non
500 309 760 374 exspectata
778 311 945 359 vulnus
966 312 1022 357 ab
1042 312 1174 357 hoste
1189 311 1304 369 tuli;

301 375 407 424 Nec
426 376 543 424 facie
563 378 794 426 meritisve
805 377 955 438 placet
961 392 978 433 ;
1014 377 1092 422 sed
1113 376 1313 424 carmine
1331 376 1503 424 morit:

367 440 576 503 Diraque
590 440 771 490 cantata
789 441 951 503 pabula
969 440 1085 488 falce
1104 441 1251 488 metit.

303 505 393 554 Illa
412 507 705 554 reluctantem
722 522 856 553 curru
876 507 1097 553 deducere
1117 505 1300 555 Lunam

368 571 560 627 Nititur,
582 579 630 620 et
650 571 844 619 tenebris
867 572 1028 619 abdere
1050 571 1172 619 Solis
1192 587 1348 633 equos.

303 635 394 684 Illa
413 636 608 684 refrenat
627 651 778 699 aquas,
801 637 1067 698 obliquaque
1086 635 1276 684 flumina
1296 637 1442 686 sistitz

372 700 460 750 Illa
478 703 580 750 loco
604 703 752 758 silvas,
775 702 971 763 vivaque
992 717 1102 749 saxa
1116 710 1286 749 movet.

307 765 400 817 Per
419 769 618 817 tumulos
638 773 758 815 errat
773 769 914 830 passis
937 768 1155 814 discincta
1175 768 1364 830 capillis,

373 831 603 895 Certaque
623 834 680 881 de
698 833 861 894 tepidis
875 831 1051 895 colligit
1072 847 1175 879 ossa
1190 835 1330 896 rogis.
1579 835 1657 880 90

305 896 527 946 Devovet
547 901 752 947 absentes
761 916 776 956 3
812 898 1139 959 simulacraque
1153 913 1284 945 cerea
1298 896 1413 960 figit,

374 963 442 1012 Et
463 965 676 1011 miserum
692 972 854 1012 tenues
878 965 925 1010 in
940 964 1073 1026 jecur
1085 963 1220 1026 urget
1240 978 1362 1012 acus.
1515 998 1540 1003 -

307 1027 378 1080 Et
397 1045 502 1091 quae
523 1030 758 1077 nescierim
780 1028 956 1076 melitis.
1022 1025 1155 1075 Male
1175 1031 1394 1090 quaeritur
1413 1028 1582 1086 herbis,

376 1094 586 1142 Moribus
606 1102 654 1141 et
673 1091 820 1142 forma
839 1093 1159 1149 conciliandus,
1182 1109 1324 1141 amor.

311 1158 454 1207 Hanc
466 1166 596 1221 potes
618 1157 856 1221 amplecti?
889 1158 1179 1220 thalamoque
1198 1160 1383 1209 relictus
1404 1161 1453 1208 in
1474 1162 1570 1208 uno

375 1222 637 1287 Impavidus
659 1239 832 1279 somno,
855 1231 993 1270 nocte
1006 1224 1183 1280 silente,
1206 1225 1295 1272 frui
1309 1225 1332 1272 ἰ’
1531 1220 1540 1225 ’

312 1288 496 1338 Scilicet
515 1297 567 1337 ut
587 1297 752 1345 tauros,
775 1291 838 1336 ita
853 1294 900 1336 te
910 1290 1029 1352 juga
1046 1289 1166 1337 ferre
1181 1292 1334 1354 coligit
1346 1309 1360 1338 t

377 1351 573 1417 Quaque
590 1355 712 1402 feros
733 1370 918 1416 angues,
943 1362 991 1401 te
1011 1370 1192 1417 quoque
1213 1357 1384 1404 mulcet
1405 1370 1509 1420 ope.

311 1420 458 1476 Adde,
482 1417 604 1482 quod
624 1420 810 1468 adscribi
830 1419 961 1468 factis
979 1436 1309 1484 procerumque
1329 1423 1512 1486 tuisque

379 1485 442 1533 Se
461 1483 613 1543 savet3
649 1492 696 1532 et
715 1485 846 1532 titulo
868 1487 1076 1549 conjugis
1098 1502 1214 1534 uxor
1235 1489 1377 1536 obest.
1557 1486 1658 1534 loo

313 1551 471 1612 Atque
491 1550 652 1612 aliquis
674 1548 816 1598 Peliae
836 1551 893 1598 de
914 1553 1116 1613 partibus
1139 1560 1240 1599 acta
1260 1552 1451 1600 venenis

379 1613 596 1678 Imputat,
618 1623 666 1663 et
684 1616 910 1680 populum,
934 1617 1014 1678 qui
1036 1618 1121 1664 sibi
1136 1618 1300 1674 credat,
1325 1619 1476 1667 habet.

313 1680 430 1730 Non
449 1681 550 1728 haec
572 1680 832 1745 AEsonides,
856 1682 939 1730 sed
956 1681 1147 1731 Phasias
1169 1683 1360 1731 AEetine

379 1748 538 1795 Aurea
560 1745 786 1809 Phryxeae
802 1755 933 1811 terga
952 1749 1131 1796 revellit
1152 1750 1268 1797 ovis.

314 1811 429 1860 Non
445 1813 605 1874 probat
624 1813 861 1862 Alcimede
879 1820 1027 1862 mater
1047 1821 1156 1872 tua;
1190 1813 1379 1862 consule
1400 1819 1626 1863 matrem:

381 1877 493 1925 Non
515 1885 654 1940 pater,
678 1877 706 1926 a
725 1879 876 1941 gelido
893 1880 968 1927 cui
988 1881 1116 1928 venit
1138 1894 1225 1927 axe
1245 1894 1405 1926 nurus.

288 1938 305 1947 “
318 1942 407 1992 Illa
427 1944 511 1990 sibi
531 1942 692 2000 Tanai,
719 1945 1009 2008 Scythiaeque
1027 1945 1263 2007 paludibus
1284 1944 1391 1992 udae

386 2009 589 2064 Quaerat,
613 2017 661 2058 et
680 2007 708 2058 a
725 2009 870 2073 patria
891 2010 1112 2058 Phasidos
1134 2018 1294 2070 usque,
1317 2010 1483 2065 virum,

316 2074 509 2123 Mobilis
530 2074 766 2131 AEsonffle,
788 2073 1018 2137 vernaque
1036 2076 1251 2122 incertior
1273 2071 1394 2130 aura,

386 2137 484 2188 Cur
503 2145 583 2186 tua
602 2141 802 2201 pollicito
815 2140 1017 2203 pondere
1038 2140 1177 2187 verba
1198 2146 1358 2187 carent
1372 2138 1395 2185 ἰ’
1564 2142 1664 2188 110

319 2203 408 2253 Vir
428 2219 558 2252 meus
571 2206 678 2253 hinc
690 2206 818 2261 ieras,
840 2206 912 2253 vir
932 2219 1027 2252 non
1048 2220 1177 2252 meus
1196 2205 1304 2253 inde
1325 2203 1496 2253 redisti.

387 2268 485 2319 Sim
508 2271 682 2318 reducis
697 2273 876 2334 conjux,
900 2272 1019 2318 sicut
1040 2270 1189 2317 euntis
1210 2285 1351 2318 eram.

322 2334 372 2384 Si
395 2342 442 2381 te
463 2335 681 2391 nobilitas,
698 2350 1011 2398 generosaque
1031 2337 1217 2383 nomina
1231 2341 1429 2400 tangunt
1435 2351 1452 2392 ς

386 2398 463 2446 En
487 2415 576 2463 ego
597 2399 763 2448 Minoo
784 2409 892 2450 nata
911 2400 1124 2451 Thoante
1134 2401 1274 2448 feror.

320 2463 532 2513 Bacchus
547 2480 689 2523 avus3
723 2466 893 2515 Bacchi
916 2468 1097 2532 conjux,
1122 2467 1331 2515 redimita
1351 2463 1532 2519 comni,

390 2527 640 2576 Praeradiat
660 2532 802 2580 stellis
824 2534 958 2596 signa
977 2534 1156 2580 minora
1176 2533 1285 2580 suis.

323 2593 428 2642 Dos
450 2594 530 2640 tibi
552 2592 755 2645 Lemnos
776 2599 874 2653 erit,
898 2605 1021 2645 terra
1039 2598 1281 2660 ingeniosa
1298 2595 1495 2647 colenti:

387 2658 473 2706 Me
494 2659 771 2720 quoque'res
788 2658 902 2711 tales
923 2663 1045 2713 inter
1065 2664 1240 2712 habere*
1249 2669 1396 2726 potes.
