1867 2942
560 143 937 209 momnis.
989 145 1151 199 m
1170 147 1285 197 xv.
1503 121 1581 205 εζς

243 279 314 328 At
335 274 440 327 cuim
461 292 512 325 se
531 274 671 327 Titan
688 277 901 334 ostendit,
923 285 971 327 et
989 280 1144 329 omnia
1161 294 1345 338 secum,

311 342 431 391 Tam
453 340 545 391 cito
564 359 639 393 me
657 359 842 393 somnos
862 344 1117 393 destituisse
1131 361 1308 407 queror.

244 408 775 473 Antmnemusquepeto·
761 417 1004 472 ,tamquam
1011 418 1171 458 nemus
1178 410 1585 475 antraqueprosint.

313 472 512 523 Conscia
530 474 698 521 deliciis
717 476 795 522 illa
812 475 942 522 fuere
960 475 1065 523 tuis.

244 536 363 589 mue
384 540 561 587 mentis
569 540 711 602 inops
734 548 786 588 ut
806 555 939 601 quam
960 539 1130 588 furialis
1151 539 1373 589 Erichtho

310 602 548 667 Impulit,
536 620 583 650 ιιι
605 605 721 652 collo
743 606 867 659 crine
876 607 1076 668 jacente,
1097 605 1233 653 feror.
1491 611 1585 655 140

243 620 416 716 Antrap
415 669 570 718 vident
585 667 704 716 oculi
726 671 879 718 scabro
899 671 1142 732 pendentia
1160 671 1311 734 topho,
1545 708 1550 713 .

311 733 436 789 Quae
456 734 565 781 mihi
587 734 835 797 Mygdonii
855 736 1092 783 marmoris
1111 736 1253 783 instar
1272 745 1413 786 erant.

243 796 440 849 Invenio
461 799 633 855 silvam,
655 815 760 862 quae
775 815 896 862 saepe
915 800 1075 848 cubilia
1096 801 1224 848 nobis

311 862 524 920 Praebuit,
549 872 596 912 et
615 863 760 911 multa
778 866 895 912 texit
914 881 1055 927 opaca
1074 863 1224 912 coma:

243 928 314 977 At
334 944 428 978 non
448 929 632 977 invenio
653 929 885 979 dominum
904 930 1121 991 silvaeque
1140 945 1393 993 meumque.

310 993 420 1041 Vile
439 995 586 1042 solum
606 994 737 1043 locus
755 1002 855 1042 est:
882 995 965 1042 dos
987 1004 1085 1043 erat
1098 995 1174 1041 ille
1191 996 1311 1042 loch

243 1058 435 1122 Agnovi
454 1075 631 1122 pressas
651 1060 749 1107 noti
762 1060 872 1106 mihi
898 1060 1078 1122 cespitis
1099 1060 1279 1107 herbas·

312 1123 393 1172 De
414 1133 569 1172 nostro
592 1139 782 1172 curvum
801 1125 1001 1205 pondere
1021 1140 1210 1187 gramen
1231 1134 1342 1174 erat.

244 1188 467 1247 Incubui;
487 1191 705 1253 tetigique
717 1190 882 1246 locum,
905 1206 997 1252 qua
1016 1197 1142 1252 parte
1160 1189 1325 1238 fuisti.

313 1255 461 1303 Grata
476 1251 605 1318 prius
625 1255 830 1302 lacrimas
854 1256 1066 1302 ‘combibit
1087 1256 1224 1302 herba
1242 1271 1379 1304 meas.
1493 1257 1589 1303 150

246 1320 376 1376 Quin
397 1321 533 1369 etiam
554 1320 667 1367 rami
685 1321 843 1383 positis
862 1320 1023 1400 lugere
1042 1320 1253 1367 videntur

312 1384 588 1443 Frondibu83
612 1393 661 1433 et
680 1386 816 1432 nullae
840 1381 972 1432 dulce
993 1383 1240 1461 queruntur
1259 1400 1381 1433 aves.

243 1449 371 1498 Sola
377 1451 522 1499 virum
544 1464 638 1497 non
659 1449 754 1498 ulta
772 1447 848 1513 pie
869 1450 1158 1498 moestissima
1171 1458 1322 1498 mater

313 1512 528 1564 Concinit
548 1467 804 1563 Ismarium
814 1514 1007 1564 Daulias
1027 1516 1120 1563 ales
1141 1513 1267 1577 Ityn.

241 1580 359 1630 Ales
381 1577 504 1641 Ityn,
531 1580 711 1643 Sappho
732 1581 932 1629 desertos
948 1588 1100 1629 cantat
1120 1595 1310 1628 amores.

312 1643 579 1693 Hactenus·
565 1663 581 1703 ;
606 1654 658 1694 ut
677 1643 826 1696 media
842 1650 1006 1693 cetera
1015 1653 1157 1693 noct&
1170 1646 1318 1693 silent.

243 1708 339 1759 Eut
357 1710 534 1765 nitidus,
558 1712 791 1771 vitreoque
810 1711 960 1772 magis
978 1710 1230 1772 perlucidus
1251 1709 1388 1765 amni,

312 1772 438 1825 Fons
460 1791 609 1822 sacer:
631 1777 754 1822 hune
774 1774 906 1822 multi
926 1789 1096 1821 numen
1117 1775 1279 1822 habere
1297 1783 1480 1838 putantx

246 1839 403 1896 Quem
421 1855 558 1902 supra
578 1855 728 1888 ramos
748 1839 963 1901 expandit
984 1840 1186 1900 aquatica
1198 1840 1330 1897 lotos,

286 1914 293 1918 “
315 1903 427 1952 Una
445 1921 633 1952 nenms:
661 1912 817 1952 tenero
839 1905 1008 1967 cespite
1030 1912 1148 1952 terra
1167 1905 1301 1952 viret.
1370 1926 1373 1930 *
1401 1942 1408 1951 ,
1495 1907 1591 1952 160

246 1969 347 2043 ῌίο
369 1985 466 2032 ega
482 1967 589 2017 cum
606 1971 753 2018 lassos
766 1969 1017 2032 posuissem
1038 1968 1216 2017 fletibus
1238 1977 1374 2025 artus,
1445 1970 1450 1977 ’

282 2032 536 2084 Constitit
557 2044 662 2085 ante
678 2036 839 2082 oculos
861 2033 1008 2083 Naias
1028 2050 1119 2083 una
1138 2048 1279 2083 meos.

246 2098 483 2155 Constitit,
506 2109 554 2150 et
573 2101 700 2155 dixit,
727 2100 959 2156 Quoniam
981 2116 1073 2148 non
1096 2100 1276 2163 ignibus
1298 2098 1440 2162 aequis

315 2160 490 2221 Uteris,
512 2165 779 2214 Ambracias
799 2167 921 2214 terra
941 2165 1134 2229 petenda
1154 2166 1247 2213 tibi.

246 2228 455 2279 Phoebus
473 2231 530 2278 ab
549 2232 742 2288 excelso,
765 2239 987 2293 quantum
1007 2238 1143 2294 patet,
1166 2229 1355 2293 adspicit
1377 2242 1572 2295 aequort.

314 2294 554 2343 Actiacum
574 2298 725 2359 populi
748 2295 1119 2358 Leucadiumque
1138 2302 1321 2343 vocant.

247 2357 381 2407 Hinc
402 2375 452 2408 se
468 2359 739 2416 Deucalion,
763 2361 956 2423 Pyrrhae
978 2374 1221 2409 succensus
1242 2373 1408 2415 amore,

312 2424 462 2481 Misit,
484 2434 532 2476 et
554 2426 695 2474 illaeso
717 2442 904 2489 corpore
922 2425 1087 2489 pressit
1107 2440 1258 2486 aquas.

246 2489 354 2538 Nec
374 2505 523 2538 mora.
551 2506 711 2540 versus
732 2492 880 2539 Amor
900 2492 1054 2554 tetigit
1074 2490 1334 2538 lentissima
1346 2488 1572 2551 Pyrrhae

316 2554 544 2614 Pectora3
568 2555 857 2604 Deucalion
845 2572 955 2620 igne
973 2556 1151 2603 levatus
1172 2563 1282 2603 erat.
1500 2555 1595 2601 170

249 2619 395 2668 Hanc
410 2622 567 2684 legem
583 2620 714 2670 locus
733 2622 811 2669 ille
830 2629 969 2669 tenet.
1017 2619 1133 2669 Pete
1151 2619 1356 2683 protinus
1377 2619 1513 2667 altam
1563 2650 1569 2655 -

292 2683 562 2747 .Leucada;
583 2700 805 2739 neesaxo
826 2686 1060 2740 desiluisse
1080 2687 1206 2743 time·
1264 2701 1268 2706 ’
1325 2730 1332 2737 ·

1121 2753 1209 2798 03
