1867 2942
516 127 886 182 HEROIDES.
941 127 1105 180 Eas-1.
1123 126 1246 180 XII.
1467 134 1534 183 49

197 261 545 376 Diffictarnque
565 278 717 311 comas
737 277 981 324 aversaque
999 263 1047 309 in
1069 278 1149 311 ora
1158 264 1387 326 Jacentern
1478 295 1482 299 -

332 328 468 384 venit,
492 334 540 374 et
559 328 753 377 lacrimis
774 329 922 375 omnia
944 329 1079 390 plena
1097 329 1222 374 meis.

198 392 318 441 Orat
339 408 471 455 opem
493 391 699 453 Minyisz
736 393 849 454 petit
869 393 1020 446 altera,
1043 400 1090 439 et
1110 393 1249 441 altera
1267 393 1460 440 habebit.
1519 424 1526 429 ·

267 457 468 505 AEsonio
480 458 653 520 juveni,
676 458 798 518 quod
819 464 951 519 rogat
971 457 1059 512 illa,
1082 457 1257 505 damus.

197 523 294 572 Est
314 537 488 577 nemus,
510 528 558 569 et
577 523 730 583 piceis,
752 529 799 568 et
817 521 1050 571 frondibus
1069 522 1184 570 ilicis
1203 525 1350 570 atrum
1367 539 1380 569 z

265 586 367 635 Vix
384 586 496 633 illud
516 587 649 647 radiis
670 587 780 634 solis
800 587 922 634 adire
943 588 1064 634 licet.

200 653 324 701 Sunt
343 652 392 699 in
414 666 481 708 eo,
504 650 768 713 fueramque
787 652 878 708 diu,
901 652 1083 699 delubra
1104 649 1293 700 Dianaez

263 717 423 765 Aurea
439 715 666 763 barbarica
685 724 775 764 stat
794 716 902 765 Dea
918 717 1042 764 facta
1060 732 1213 764 manu.
1385 734 1390 739 ·
1467 719 1532 764 70

197 780 405 837 Nssstin’,
437 796 496 829 an
517 781 779 829 exciderunt
799 797 979 829 mecum
999 781 1133 828 loca?
1165 781 1373 830 venimus
1393 780 1530 838 illuc3

265 845 413 896 Orsus
433 861 485 893 es
505 844 643 893 infido
665 846 729 893 sic
749 848 873 909 prior
893 862 974 893 ore
994 847 1141 907 loqui:

196 909 289 961 Jus
310 912 389 958 tibi
411 917 459 958 et
478 910 709 958 arbitrium
729 919 897 959 nostrae
919 910 1125 958 Fortuna
1144 911 1301 957 salutis

265 975 497 1024 Tradidit:
537 976 674 1036 inque
695 975 775 1023 tufi
793 977 976 1037 vitaque
996 991 1207 1037 morsque
1227 989 1380 1022 manu.

200 1039 403 1089 Perdere
421 1054 555 1104 posse
575 1050 648 1088 sat
666 1048 751 1096 est,
772 1041 810 1087 si
830 1056 965 1102 quem
978 1042 1111 1104 juvet
1129 1042 1228 1104 ipsa
1246 1047 1443 1103 potestas
1449 1056 1466 1097 ς

268 1106 362 1156 Sed
382 1106 460 1153 tibi
482 1111 688 1154 servatus
706 1107 853 1168 gloria
871 1107 1017 1169 major
1036 1120 1130 1153 ero.

198 1169 297 1221 Per
313 1171 434 1219 mala
451 1177 609 1218 nostra
626 1185 797 1234 precor,
818 1185 1009 1232 quorum
1029 1178 1160 1233 potes
1180 1184 1279 1218 esse
1298 1170 1529 1229 levantem

266 1235 361 1284 Per
379 1251 526 1299 genus
547 1242 595 1283 et
615 1251 785 1284 numen
806 1243 971 1283 cuncta
990 1237 1185 1283 videntis
1206 1236 1307 1293 avi3

199 1300 295 1350 Per
315 1301 501 1365 triplicia
520 1301 687 1357 vultus,
708 1316 959 1362 arcanaque
979 1316 1117 1356 sacra,
1140 1300 1341 1357 Dianaeg

263 1367 334 1416 Et
355 1367 393 1414 si
412 1362 531 1414 forte
553 1367 664 1415 alios
683 1381 800 1428 gens
820 1367 955 1413 habet
969 1366 1056 1413 ista
1069 1364 1215 1413 Deos.
1471 1366 1537 1410 80

197 1431 247 1481 Ο
265 1433 414 1495 virgo,
436 1432 650 1479 miserere
670 1432 760 1478 mei
771 1449 788 1490 ς
822 1432 1036 1479 miserere
1055 1428 1285 1479 meorum!
1441 1456 1456 1471 x

266 1496 417 1547 Effice
437 1511 513 1543 me
532 1497 703 1544 meritis
724 1503 902 1559 tempus
920 1499 970 1544 in
991 1511 1127 1542 omne
1146 1502 1292 1542 tuum.

200 1558 343 1619 Qndd
364 1563 403 1609 si
422 1558 542 1610 forte
560 1562 709 1608 virum
731 1577 823 1609 non
844 1562 1090 1625 dedignare
1110 1559 1370 1622 Pelasgum,

267 1626 387 1692 (Sed
406 1627 515 1673 mihi
536 1632 630 1674 tam
648 1626 807 1674 faciles
823 1627 957 1682 unde,
980 1640 1194 1688 meosque
1214 1618 1405 1684 Deoa?)

201 1692 399 1756 Spiritus
418 1687 526 1739 ante
546 1706 674 1739 meus
694 1699 855 1739 tenues
874 1698 1088 1739 vanescat
1106 1692 1155 1737 in
1176 1703 1319 1743 auras,

269 1755 421 1812 Quam
442 1757 653 1813 thalamo,
675 1757 762 1802 nisi
784 1763 850 1811 tu,
872 1763 1015 1818 nupta
1034 1756 1094 1802 sit
1115 1755 1208 1801 ulla
1226 1768 1346 1801 meo.

201 1819 404 1873 conada
422 1822 485 1870 sit
501 1820 641 1876 June,
665 1821 803 1868 sacris
822 1821 1038 1882 praefecta
1056 1819 1227 1867 maritis
1242 1835 1259 1876 ς

267 1886 336 1936 Et
355 1886 474 1942 Dea,
496 1883 749 1933 marmorea
767 1886 898 1948 cujus
916 1886 968 1931 in
990 1885 1088 1932 aede
1108 1898 1278 1931 sumus.

201 1951 327 2000 Haec
340 1953 540 2000 animum
549 1952 620 2016 (et
631 1956 878 2013 quotapars
889 1951 992 1996 haec
1006 1946 1165 2009 sunt?)
1184 1944 1368 1995 movere
1376 1945 1539 2009 puelle

269 2016 494 2079 Simplicis
510 2035 529 2078 3
560 2023 611 2064 et
631 2017 805 2064 dextrae
825 2015 1010 2062 dextera
1019 2015 1182 2077 juncta
1199 2026 1331 2059 meae.
1475 2013 1541 2061 90

201 2080 314 2130 Vidi
336 2082 471 2129 etiam
488 2081 710 2130 lacrimas.
759 2081 839 2128 An
858 2095 963 2142 pars
983 2087 1056 2127 est
1072 2077 1240 2126 fraudis
1258 2078 1308 2124 in
1328 2074 1452 2124 iuis?

271 2147 350 2195 Sic
371 2143 463 2194 citd
482 2162 583 2195 aum
604 2147 754 2195 verbis
774 2153 906 2209 capta
924 2145 1073 2209 puella
1090 2144 1197 2191 tuis.

201 2211 375 2275 Jungiz
394 2219 442 2259 et
463 2213 680 2276 aeripedes
699 2213 910 2260 inadusto
931 2225 1120 2274 corpore
1141 2216 1309 2262 tauros,

265 2277 336 2326 Et
354 2277 543 2326 solidam
553 2280 685 2341 jusso
705 2293 890 2326 vomere
908 2275 1044 2324 findis
1063 2277 1266 2323 humum.

202 2342 333 2391 Arva
351 2343 600 2398 venenatis,
621 2357 704 2405 pro
725 2343 910 2396 semine,
933 2342 1141 2388 dentibus
1161 2337 1354 2401 imples:

267 2406 498 2464 Nascitur,
521 2414 570 2456 et
589 2407 764 2470 gladios
784 2414 1000 2468 scutaque
1020 2406 1152 2453 miles
1169 2403 1319 2453 habet·

202 2470 312 2537 Ipsa
331 2488 435 2535 ego,
457 2487 563 2535 quse
581 2473 789 2520 dederam
809 2471 1119 2525 medicamina,
1139 2465 1433 2533 paludoesedi,

271 2535 392 2588 cnm
415 2538 508 2587 vidi
527 2537 701 2586 subitos
720 2550 847 2585 arma
863 2543 1026 2584 tenere
1041 2535 1179 2582 viros.
1411 2574 1418 2583 ,

203 2603 369 2653 Donec
392 2604 635 2667 terrigenae
657 2601 852 2667 (facinus
872 2597 1145 2660 miserabile)
1167 2598 1337 2650 fratres

270 2667 400 2717 Inter
420 2684 472 2721 ae
491 2669 671 2721 strictas
686 2682 966 2718 conseruere
982 2680 1164 2715 manus.»
1451 2661 1548 2734 109

195 2749 302 2786 vot..
333 2748 367 2783 ι.
1132 2746 1160 2777 r
