1867 2942
315 140 380 185 ⁸2
657 134 714 187 P.
747 130 990 187 ovmn·
1012 132 1315 188 NASONIS

314 267 431 323 Nec,
454 265 735 330 quodtbest,
765 266 1560 317 hicmetecummirsrerelictam:
1615 298 1624 307 ·

382 332 593 381 Moribus
613 341 661 381 et
680 335 791 380 vitae
811 333 1002 381 credidit
1021 333 1099 380 ille
1117 348 1251 381 meae.

317 396 400 446 De
417 397 533 446 facie
553 400 728 454 metuit,
750 399 862 445 vitae
881 397 1096 446 confidit:
1136 406 1184 446 et
1203 398 1333 445 illum

385 462 605 511 Securum
626 465 838 527 probitas,
858 463 1009 511 forma
1027 465 1189 512 timere
1206 463 1331 513 facit.

318 527 549 591 Tempora
568 544 627 576 ne
646 536 834 591 pereant
852 530 975 577 ultro
995 530 1101 577 data
1118 529 1362 592 praecipis3
1395 535 1547 590 utque

388 595 616 656 Simplicis
637 602 817 642 utamur
838 595 1161 642 commoditate
1179 595 1281 642 viri.

319 658 389 708 Et
408 659 529 716 libet,
552 665 601 708 et
619 661 792 718 time03
827 675 911 708 nec
933 661 1081 707 adhuc
1101 667 1263 708 exacta
1282 659 1499 708 voluntas

387 723 479 773 Est
499 726 607 773 satis
624 743 639 784 ;
673 727 722 773 in
744 722 878 773 dubio
895 733 1085 789 pectora
1103 732 1260 773 nostra
1276 726 1449 772 labant.

322 789 391 839 Et
409 791 481 837 vir
501 793 627 839 abest
647 790 776 839 nobis
793 808 806 838 t
845 797 893 838 et
911 798 965 838 tu
986 791 1087 839 sine
1105 792 1302 854 conjuge
1322 789 1495 837 dormis
1513 806 1533 848 ;

387 853 539 919 Inque
558 858 705 905 vicem
726 864 808 904 tua
826 870 914 912 me,
935 863 985 904 te
1004 868 1107 903 mea
1137 855 1297 911 sonna,
1321 854 1474 917 capit:
1576 856 1677 902 180

324 920 393 971 Et
410 922 568 986 longae
589 929 777 971 noctes:
815 929 863 969 et
872 923 973 985 jam
995 936 1206 970 sermone
1224 922 1432 968 coimus:

389 986 459 1035 Et
478 994 532 1035 tu
554 988 653 1051 (me
672 987 884 1034 miseram
904 985 943 1049 !)
975 987 1198 1035 blandus:
1238 993 1288 1034 et
1307 1001 1401 1033 una
1419 984 1607 1034 domm

324 1051 394 1103 Et
412 1068 606 1115 peream,
631 1053 670 1099 si
690 1067 784 1099 non
803 1051 1001 1100 invitant
1020 1052 1174 1101 omnia
1192 1052 1388 1115 culpam.

392 1117 566 1166 Nescio
620 1132 679 1164 uo
698 1118 865 1173 tardor,
889 1119 971 1166 sed
989 1125 1144 1166 tamen
1163 1119 1275 1181 ipsa,
1297 1123 1440 1164 metu.

326 1182 484 1239 Quam
504 1183 598 1231 mul
644 1184 904 1245 persuades,
932 1185 1107 1231 utinam
1127 1183 1245 1231 bene
1264 1197 1434 1248 eogere
1450 1180 1638 1245 possis!

393 1247 458 1294 Vi
479 1263 582 1295 mea
602 1247 829 1295 rusticitas
847 1249 1118 1297 excutienda
1135 1248 1237 1297 finit.

331 1313 476 1363 Utilis
494 1313 719 1361 interdum
741 1321 814 1360 est
834 1314 945 1377 ipsis
965 1314 1131 1376 injuria
1148 1314 1311 1376 passis.

397 1376 475 1426 Sic
496 1374 622 1426 certe
640 1378 753 1428 felix
774 1394 876 1428 esse
895 1386 1055 1428 coacta
1073 1379 1227 1428 velim.

329 1443 463 1494 Dum
485 1459 632 1493 novus
651 1452 734 1501 est,
756 1441 907 1508 potius
939 1452 1092 1508 coepto
1111 1458 1371 1508 pugnemus
1391 1443 1537 1491 amori
1554 1460 1570 1491 ε

397 1508 606 1557 Flamma
626 1524 785 1558 reeens
804 1509 947 1573 parva
966 1526 1124 1573 sparsa
1144 1511 1312 1559 resedit
1330 1507 1464 1571 equi.
1533 1516 1536 1519 '
1579 1511 1693 1558 190-

333 1572 502 1625 Certus
523 1575 571 1622 in
590 1577 842 1638 hospitibus
862 1590 958 1625 non
979 1582 1052 1625 est
1070 1591 1226 1630 amor:
1264 1583 1402 1633 errat,
1424 1580 1479 1622 ut
1497 1573 1587 1638 ipsi
1604 1591 1621 1621 t

399 1638 613 1702 cumque
628 1642 742 1689 nihil
761 1657 914 1705 speres
933 1641 1111 1693 firmius
1129 1657 1245 1698 esse,
1265 1641 1369 1689 fuit.

335 1703 600 1769 Hypsipyle
618 1708 763 1764 testis,
787 1709 918 1756 testis
940 1707 1126 1756 MinoIa
1145 1709 1281 1770 virgo
1303 1713 1409 1765 est;

402 1769 460 1820 In
482 1786 576 1819 non
597 1774 804 1821 exhibitis
826 1782 1019 1836 utraque
1038 1774 1139 1821 lusa
1158 1774 1287 1820 toris.

333 1835 412 1885 Tu
433 1852 623 1900 quoque,
647 1839 856 1887 dilectam
877 1840 1062 1895 multos,
1083 1836 1233 1895 infide,
1254 1852 1339 1902 per
1357 1846 1522 1891 annos,

400 1901 586 1951 Diceris
609 1904 827 1953 OEnonen
849 1905 1108 1954 destituisse
1127 1911 1267 1952 tuam.

335 1967 442 2016 Nec
462 1974 616 2017 tamen
635 1971 733 2032 ipse
753 1985 896 2033 negas
913 1987 928 2028 3
964 1977 1012 2018 et
1033 1970 1163 2018 nobis
1182 1969 1337 2017 omnia
1356 1967 1414 2014 de
1432 1973 1483 2014 te

402 2033 637 2091 Quaerere,
660 2037 698 2082 si
720 2036 882 2092 nescis,
903 2036 1104 2083 maxima
1123 2050 1234 2083 cura
1250 2033 1353 2081 fuit.

341 2097 474 2148 Adde
492 2096 628 2161 quod,
652 2106 705 2148 ut
722 2101 878 2162 cupias
898 2108 1114 2149 constans
1135 2102 1185 2148 in
1206 2112 1361 2148 amore
1380 2111 1583 2152 manere»

403 2164 515 2213 Non
537 2173 689 2228 potes:
719 2166 966 2228 expediunt
977 2167 1076 2230 jam
1098 2173 1178 2213 tua
1199 2166 1302 2214 vela
1317 2162 1546 2225 Phryges.
1579 2165 1683 2210 200

339 2229 471 2280 Dum
491 2231 689 2292 loqueris
709 2246 903 2286 mecum,
926 2232 1035 2278 dum
1057 2246 1152 2279 nox
1173 2236 1353 2295 sperata
1369 2237 1570 2292 paratur,

405 2296 500 2351 Qui
520 2296 637 2343 ferat
656 2297 705 2343 in
725 2297 928 2358 patriam,
945 2297 1044 2359 jam
1064 2298 1145 2344 tibi
1166 2304 1336 2344 ventus
1354 2293 1457 2342 erit.

341 2357 562 2410 Cursibus
583 2362 631 2408 in
651 2362 821 2410 mediis·
836 2363 1051 2409 novitatis
1069 2361 1206 2423 plena
1225 2362 1455 2421 relinques

406 2425 616 2473 Gaudia:
655 2442 759 2473 cum
781 2428 932 2474 ventis
952 2434 1108 2475 noster
1129 2426 1266 2474 abibit
1286 2440 1430 2473 amor.

342 2489 423 2538 An
445 2505 618 2550 sequar,
642 2498 695 2538 ut
715 2492 877 2538 suades
884 2508 901 2549 ς
934 2491 1205 2552 laudataque
1227 2490 1457 2554 Pergama
1474 2490 1624 2538 visam

407 2553 642 2601 Pronurus
664 2564 712 2602 et
730 2557 887 2618 magni
910 2554 1237 2604 Laomedontis
1259 2572 1338 2604 ero
1353 2554 1378 2601 ἲ
1559 2577 1569 2586 ·

332 2612 456 2666 ²Non
476 2618 543 2664 ita
562 2627 804 2666 contemno
825 2620 1023 2668 volucris
1042 2621 1273 2684 praeconia
1291 2618 1468 2675 Famoe,

418 2681 491 2731 Ut
509 2684 684 2746 probris
704 2691 848 2733 terras
866 2686 1053 2749 impleat
1071 2686 1150 2734 illa
1167 2685 1296 2734 meis.
