1867 2942
331 175 398 219 64
668 169 728 220 P.
762 166 997 221 ov1D11
1027 167 1327 221 NASONIS

330 299 586 356 Scribimus,
609 309 656 349 et
673 300 870 348 lacrimis
890 302 1009 349 oculi
1031 308 1237 349 rorantur
1256 297 1437 349 obortis.

395 364 605 427 Adspice,
627 363 758 427 quam
781 366 907 413 sitin
928 368 1016 413 hoc
1037 366 1177 413 multa
1196 367 1333 414 litura
1349 366 1469 414 loco.

334 428 386 476 Si
407 436 504 476 tam
522 436 668 476 certus
689 445 787 477 eras
808 424 912 476 hinc
931 431 1011 486 ire,
1034 432 1279 481 modestius
1298 432 1439 489 isses3

398 492 465 542 Et
485 492 619 541 modo
640 496 852 553 dixisses3
875 493 1011 542 Lesbi
1031 496 1191 558 puella,
1214 496 1328 543 vale.
1465 518 1479 528 =
1579 499 1685 544 loo

334 557 451 607 'Non
469 566 621 606 tecum
639 560 857 615 lacrimas,
881 575 972 606 non
996 560 1147 607 oscula
1168 574 1343 608 summa
1360 559 1519 608 tulisti.

398 622 614 685 Denique
633 640 725 672 non
745 625 887 680 timui,
911 624 1031 686 quod
1051 625 1247 673 dolitura
1265 624 1346 673 fui.

335 688 421 736 Nil
440 689 498 735 de
517 697 564 736 te
583 692 760 736 mecum
781 697 863 745 est,
885 684 980 736 nisi‘
992 686 1166 736 tantum
1187 690 1367 752 injuriat
1394 704 1480 737 nec
1500 696 1555 736 tu

401 753 658 801 Admoneat
677 755 797 816 quod
816 763 875 810 te,
897 754 1061 817 pignus
1082 756 1273 801 amantis
1294 756 1445 802 habes.

336 816 450 869 Non
470 819 678 867 mandata
697 819 821 867 dedi:
861 834 1005 881 neque
1025 820 1145 866 enim
1166 819 1375 868 mandata
1394 819 1626 868 dedissem

405 883 526 940 Ulla,
548 886 647 940 nisi,
671 892 722 932 ut
737 885 877 932 nolles
897 885 1135 931 immemor
1155 899 1256 931 esse
1274 885 1382 931 mei.

338 945 433 997 Per
450 949 541 1005 tibi,
564 951 640 1012 qui
659 965 902 1010 numquam
916 946 1058 1012 longe
1073 949 1282 1005 discedat,
1305 949 1542 1006 Amorem,

250 1027 251 1030 ’
405 1012 581 1076 Perque
601 1030 763 1062 novem
777 1017 896 1078 Juro‚
919 1015 1105 1061 numina
1124 1020 1291 1071 nostra,
1317 1013 1480 1072 Deas3

341 1076 464 1130 Cum
484 1078 593 1125 mihi
607 1079 758 1127 nescio
780 1080 891 1140 quis,
917 1078 1121 1140 Fugiunt
1139 1085 1219 1126 tua
1237 1079 1413 1142 gaudia,
1436 1079 1552 1127 dixit
1563 1094 1585 1138 3

404 1142 508 1207 Nee
528 1158 602 1190 me
622 1143 731 1191 flere
751 1144 841 1199 diu,
862 1159 949 1191 nec
968 1145 1171 1206 potuisse
1188 1143 1327 1206 loqui.
1581 1146 1687 1192 110

339 1206 411 1257 Et
428 1207 624 1255 lacrimae
645 1208 827 1255 deerant
847 1209 1001 1264 oculis,
1025 1216 1072 1256 et
1090 1209 1248 1271 lingua
1265 1210 1440 1272 palatos

406 1272 685 1321 Adstrictum
706 1273 856 1335 gelido
874 1273 1046 1336 frigore
1064 1281 1223 1336 pectus
1241 1280 1355 1322 erat.

342 1335 590 1400 Postquam
610 1353 660 1385 se
680 1338 807 1385 dolor
826 1338 1031 1396 invenit3
1055 1354 1139 1386 nec
1157 1345 1341 1402 pectora

406 1401 510 1451 Nec
531 1401 688 1466 puduit
707 1403 857 1450 scissis
878 1403 1111 1456 exululare
1132 1404 1290 1452 comis.
1323 1434 1329 1443 -

341 1465 453 1515 Non
475 1467 613 1522 aliter,
636 1465 769 1529 quam
791 1468 830 1515 si
845 1469 972 1529 gnati
997 1469 1072 1531 pia
1092 1475 1236 1514 mater
1255 1469 1421 1516 ademti

412 1530 572 1580 Portet
592 1533 648 1580 ad
668 1540 920 1581 exstructos
942 1547 1103 1595 corpus
1123 1534 1258 1580 inane
1276 1548 1432 1596 rogos.

346 1597 542 1653 Gaudet,
563 1604 611 1644 et
632 1594 660 1644 ὲ
680 1604 835 1645 nostro
856 1598 1018 1644 crescit
1035 1611 1231 1645 moerore
1251 1595 1489 1647 Charaxus

340 1681 349 1689 ⁴
410 1660 589 1720 Frater3
613 1670 660 1709 et
679 1669 784 1709 ante
804 1663 960 1710 oculos
981 1662 1106 1725 itque
1124 1662 1326 1725 reditque
1345 1678 1488 1711 meos.

345 1726 503 1789 thue
522 1727 726 1790 pudenda
744 1727 833 1774 mei
853 1727 1059 1775 videatur
1075 1742 1235 1776 caussa
1249 1728 1417 1775 doloris
1425 1744 1445 1787 ς

410 1792 537 1847 Quid
556 1793 678 1840 dolet
698 1792 825 1840 haec?
848 1789 971 1841 certe
991 1792 1082 1840 filia
1099 1793 1226 1847 vivit,
1249 1793 1329 1840 ait.
1585 1794 1688 1844 120

343 1856 461 1906 Non
468 1858 661 1906 veniunt
673 1857 721 1904 in
733 1858 851 1905 idem
862 1858 1007 1925 pudor
1017 1865 1150 1919 atque
1163 1872 1303 1905 amor.
1337 1855 1491 1907 Omne
1502 1858 1689 1909 videbat

411 1922 594 1986 Vulgus
601 1939 617 1981 ;
641 1938 760 1971 eram
780 1924 930 1971 lacero
952 1930 1107 1986 pectus
1128 1929 1282 1985 aperta
1301 1924 1417 1971 sinu.

344 1987 421 2035 Tu
442 1989 551 2035 mihi
570 2004 691 2044 cura,
715 1987 895 2036 Phaon:
923 1995 971 2035 te
990 1989 1164 2036 somnia
1182 1995 1337 2038 nostra
1356 1986 1577 2037 reducunt
1582 2004 1604 2048 ς

413 2053 599 2100 Somnia
617 2053 817 2100 formoso
839 2053 1094 2101 candidiora
1115 2053 1200 2101 die.
1245 2056 1250 2063 “

349 2117 450 2166 Illic
470 2126 517 2165 te
536 2119 738 2175 inveni03
761 2132 1028 2180 quamquam
1049 2118 1307 2180 regionibus
1325 2116 1459 2166 absis.

416 2182 509 2231 sed
529 2198 620 2229 non
641 2183 779 2245 longa
799 2183 905 2230 satis
925 2183 1091 2245 gaudia
1110 2198 1296 2231 somnus
1314 2184 1463 2232 habet.

351 2246 485 2310 Saepe
503 2254 606 2295 tuos
627 2245 781 2296 nostrii
801 2247 976 2295 cervice
996 2260 1183 2296 onerare
1201 2249 1407 2304 lacertos,

352 2333 356 2339 ·
418 2312 550 2374 Saepe
569 2320 661 2359 tuae
680 2313 836 2360 videor
855 2313 1142 2375 supposuisse
1160 2329 1302 2361 meos.

349 2377 567 2424 Blandior
586 2377 822 2431 interdum,
845 2378 1051 2439 verisque
1071 2378 1298 2425 simillima
1316 2376 1455 2424 verba

415 2441 645 2502 Eloquar:
685 2449 732 2489 et
751 2442 943 2503 vigilant
962 2442 1163 2489 sensibus
1182 2458 1264 2489 ora
1281 2442 1413 2489 meis·
1597 2445 1694 2490 130

352 2504 525 2552 Oscula
542 2521 784 2567 cognosco,
807 2521 909 2566 quae
930 2514 981 2553 tu
1002 2506 1284 2554 committere
1300 2507 1487 2568 linguae,
1681 2510 1684 2513 ’

418 2569 627 2632 Aptaque
649 2568 890 2617 consueras
903 2571 1118 2632 accipere,
1141 2577 1245 2632 apta
1263 2570 1386 2618 dare.

356 2632 585 2682 Ulteriora
602 2634 739 2694 pudet
757 2648 957 2681 narrare:
996 2634 1076 2681 sed
1091 2634 1242 2681 omnia
1258 2632 1388 2682 fiunt.

339 2761 343 2766 ,
421 2696 645 2760 Etjuvat,
664 2703 714 2746 et
735 2697 833 2749 sine
850 2705 898 2746 te
916 2712 1013 2749 non
1031 2699 1141 2751 libet
1154 2698 1410 2755 esnensilli·⁷
