1867 2942
468 140 471 147 ¹
540 168 1165 233 ΗΕΒοιῡΕεῑεΕηπ.
1167 175 1249 251 y.
1519 184 1589 232 ω

239 304 508 371 Rruquor
527 306 691 356 infelix
711 309 856 356 oculis
877 308 1089 357 abeuntia
1108 308 1225 364 vela,

216 398 232 404 -
308 364 417 429 Qua
436 373 576 431 licet;
612 381 661 422 et
681 375 880 421 lacrimis
902 376 1060 420 humet
1081 390 1219 422 arena
1240 376 1369 447 meis.

241 435 407 499 thue
427 439 548 486 celer
569 441 729 487 venias
748 440 918 486 virides
941 438 1169 487 Nereidas
1191 456 1288 488 oro.

307 502 494 551 Scilicet
516 510 569 550 ut
588 506 748 552 venias
769 507 816 551 in
839 520 943 552 mea
964 506 1130 552 damna
1144 506 1280 553 celer.

234 564 379 615 Votis
400 585 515 632 ergo
535 571 650 617 meis
671 571 748 616 alii
770 571 971 618 rediture
995 569 1188 617 redisti?

305 631 404 681 Hei
424 635 553 689 mihi,
573 652 659 698 pro
680 634 778 682 dira
797 636 960 698 pellice
979 636 1144 682 blanda
1163 634 1263 684 fui!
1511 634 1600 686 60‘

233 696 484 812 Adffidt
472 715 746 749 immensum
769 702 914 748 moles
937 702 1091 748 nativa
1109 701 1423 763 profundum3

365 780 451 811 ons
469 764 582 813 fuit:
624 768 848 828 aequoreis
869 767 950 814 illa
971 767 1142 813 resistit
1163 767 1309 843 aquis.

233 826 369 876 Hinc
390 846 482 893 ego
501 831 604 878 vela
625 839 721 878 tuae
743 833 944 894 cognovi
965 833 1112 893 prima
1132 833 1328 878 carinae:

302 893 373 942 Et
391 896 502 942 mihi
523 912 606 958 per
625 896 794 944 fluctus
814 898 1013 958 impetus
1033 897 1100 943 ire
1121 895 1223 944 fuit.

229 957 368 1008 Dum
389 976 557 1016 moror,
581 962 629 1008 in
654 960 833 1008 summa
851 961 980 1008 fulsit
1001 962 1112 1007 mihi
1133 976 1333 1024 purpura
1353 960 1513 1024 prora;

302 1024 556 1073 Pertimui·
597 1026 746 1074 cultus
767 1041 861 1073 non
884 1034 983 1073 erat
1005 1027 1081 1073 ille
1103 1035 1227 1074 tuus.
1295 1040 1303 1049 ‘

233 1088 317 1139 Fit
335 1092 533 1153 propior,
557 1097 791 1154 terrasque
813 1089 903 1139 cita
924 1092 1033 1139 ratis
1056 1093 1212 1154 attigit
1234 1090 1371 1140 aura·
1360 1127 1372 1139 .

302 1155 546 1207 Femineas
567 1157 675 1212 vidi,
700 1158 836 1205 corde
858 1164 1096 1211 tremente,
1119 1173 1281 1219 genas.

230 1219 350 1268 Non
374 1222 493 1269 satis
505 1222 552 1268 id
572 1221 752 1270 fuerat·
792 1223 902 1284 quid
923 1224 1045 1269 enim
1065 1222 1238 1271 furiosa
1256 1224 1504 1272 morabar?

302 1285 527 1335 Haerebat
547 1288 725 1349 gremio
748 1289 893 1350 turpis
915 1289 1063 1336 amica
1084 1295 1182 1336 tuo.
1509 1293 1576 1338 70

226 1350 371 1400 Tunc
390 1349 503 1399 verti
523 1353 712 1415 rupique
733 1356 872 1408 sinus,
895 1362 944 1400 et
961 1361 1150 1432 pectora
1167 1352 1338 1416 planxi,

300 1416 371 1467 Et
391 1419 514 1466 secui
535 1419 737 1466 madidas
759 1433 914 1483 ungue
935 1420 1117 1482 rigente
1136 1433 1313 1482 genas.

226 1481 308 1531 Im
338 1483 531 1544 levique
540 1499 714 1531 sacram
732 1478 940 1546 querulis
960 1484 1205 1531 ululatibus
1228 1482 1362 1532 Iden.

362 1549 436 1595 inc
458 1550 541 1596 has
561 1549 802 1597 lacrimas'
789 1566 838 1596 m
859 1565 964 1597 mea
984 1565 1094 1597 saxa
1116 1550 1214 1598 tuli.

227 1612 312 1663 Sic
335 1613 519 1661 Helene
540 1615 702 1670 doleat,
726 1615 994 1676 desertaque
1015 1616 1213 1678 conjuge
1230 1613 1410 1678 ploret·
1394 1650 1412 1673 ,

299 1678 509 1741 Quaeque
529 1682 652 1742 prior
674 1682 804 1728 nobis
827 1681 996 1736 intulit,
1019 1681 1118 1742 ipsa
1138 1679 1270 1727 ferat.

225 1743 374 1793 Nunc
394 1746 476 1792 tibi
496 1746 788 1800 conveniunt,
811 1761 916 1807 quae
940 1752 986 1792 te
1006 1761 1087 1807 per
1109 1753 1265 1808 aperta
1284 1752 1536 1807 sequantui:

296 1810 519 1872 AEquora,
540 1811 773 1872 legitimos
794 1811 1133 1872 destituantque
1159 1818 1299 1857 toros.

176 1909 187 1915 -
224 1874 300 1927 At
320 1873 424 1923 cum
445 1891 615 1938 pauper
636 1891 752 1932 eras,
772 1882 1066 1951 armentaque
1085 1883 1242 1936 pastor
1261 1876 1442 1938 agebas,

296 1940 453 1996 Nulla,
478 1942 566 1989 nisi
590 1940 791 1997 OEnone,
822 1940 1034 2003 pauperis
1054 1955 1171 1989 uxor
1193 1947 1308 1989 erat.
1437 1954 1440 1957 ’
1500 1945 1567 1989 80

222 2005 342 2056 Non
363 2023 454 2070 ego
474 2007 617 2053 miror
638 2022 765 2069 opes,
787 2021 873 2053 nec
894 2021 972 2052 me
994 2011 1073 2052 tua
1093 2006 1221 2067 regia
1240 2005 1405 2067 tangit,
1488 2046 1495 2060 ,

292 2071 398 2121 Nec
420 2072 477 2119 de
498 2078 568 2119 tot
591 2070 764 2119 Priami
785 2071 909 2118 dicar
930 2078 984 2119 ut
1006 2085 1096 2118 una
1116 2086 1273 2118 nurus.

220 2136 341 2186 Non
361 2145 514 2185 tamen
538 2144 590 2184 ut
604 2136 815 2185 Priamus
829 2135 1065 2199 Nymphae
1082 2151 1211 2184 socer
1232 2150 1334 2184 esse
1355 2142 1562 2196 recuset;

292 2203 394 2251 Aut
415 2203 626 2251 Hecubae
644 2203 809 2251 fuerim
832 2202 1157 2250 dissimulanda
1178 2216 1335 2248 nurus.
1463 2207 1476 2223 ⁶

224 2267 481 2331 DIgnaque
503 2284 619 2325 sum,
645 2275 693 2316 et
715 2270 848 2331 cupio
868 2267 969 2315 fieri
990 2274 1199 2315 matrona
1219 2266 1436 2329 potentis.

294 2334 414 2381 Sunt
433 2334 573 2389 mihis
592 2349 704 2396 quas
725 2336 903 2397 possint
925 2341 1104 2395 sceptra
1124 2333 1298 2387 decere,
1321 2346 1499 2379 manus.

122 2453 133 2462 ⁶
224 2399 333 2448 Nec
354 2413 444 2454 me,
465 2397 649 2462 faginea
670 2398 792 2461 quod
813 2407 967 2447 tecum
988 2399 1151 2445 fronde
1161 2399 1388 2461 jacebam,

290 2464 526 2527 Despice.
562 2480 789 2527 purpureo
813 2480 914 2512 sum
937 2465 1086 2526 magis
1108 2470 1215 2525 apta
1236 2471 1355 2510 toro.

224 2529 460 2592 Denique,
483 2537 611 2578 tutus
631 2545 760 2577 amor
780 2545 911 2576 meus
931 2535 1004 2576 est
1025 2529 1132 2576 tibi:
1173 2528 1299 2576 nulla
1317 2533 1535 2592 parantur

292 2593 439 2650 Bella,
461 2610 548 2644 uec
569 2595 754 2645 ult-icen
775 2595 960 2641 advehit
981 2594 1104 2641 unda
1121 2602 1257 2643 rates.
1357 2596 1362 2601 ”
1498 2596 1565 2642 90

225 2660 464 2725 Tyndaris
470 2654 875 2723 infestfl'fugitiva
893 2661 1146 2723 reposcitur
1163 2659 1316 2707 annis.

292 2724 403 2783 Hic
425 2722 556 2779 venit
574 2727 622 2775 in
644 2724 870 2787 molamus
890 2726 1000 2776 dote
1023 2726 1240 2791 superba
1236 2731 1357 2775 tuos.
