1867 2942
558 159 940 212 HERomEs.
970 160 1133 210 nrm.
1156 128 1225 210 n„
1536 171 1570 215 7

221 295 437 357 Cumque
457 294 551 343 tuis
561 295 759 342 lacrimis
770 293 986 341 *lacrimas
1007 293 1285 342 confundere
1304 300 1515 354 nostran

291 361 520 422 Quodque
537 360 658 408 foret
681 360 794 407 'velis
815 375 925 406 aura
946 359 1157 415 secunda,
1180 360 1335 421 querit

220 427 292 476 Et
314 426 424 474 mihi
446 426 680 474 discedens
700 423 909 488 suprema
930 425 1080 472 dicere
1100 440 1245 482 voce3

291 491 458 553 Phylli,
480 490 579 539 face
602 497 840 559 exspectes
857 489 1213 552 Demophoonta
1233 497 1378 537 tuum.

224 557 520 619 Exspectem,
546 556 626 617 qui
646 571 722 603 me
742 570 989 617 numquam
1011 556 1190 602 visurus
1210 555 1375 603 abisti?

289 622 567 685 Exspectem
590 622 752 684 pelago
767 621 871 668 vela
885 626 1053 683 negata
1072 635 1176 666 meo
1190 620 1213 665 ἲ
1239 620 1252 633 “
1478 624 1576 670 100

223 687 293 736 Et
314 695 468 734 tamen
488 694 732 748 exspecto‘3
766 682 922 737 r‘edeas
943 682 1080 732 modo
1102 701 1229 733 serus
1250 686 1446 734 amanti:

293 753 366 800 Ut
387 759 466 799 tua
486 753 546 799 sit
567 753 666 799 solo
686 759 891 814 tempore
909 752 1037 812 lapsa
1055 750 1184 797 fides.

226 818 353 874 Quid
372 831 531 881 precor
550 816 747 864 infelix?
760 817 860 881 jam
879 823 928 863 te
950 822 1079 862 tenet
1092 815 1234 863 altera
1255 818 1426 880 conjux

291 882 518 938 Forsitan,
541 890 603 938 et,
625 882 756 929 nobis
775 882 853 946 qui
874 878 995 928 male
1009 879 1136 936 favit,
1160 896 1302 928 amor.

136 972 139 975 ·
227 948 387 1010 thue
409 949 489 995 tibi
510 947 775 1001 excidimus,
799 946 984 1000 nullam,
1000 953 1126 1008 puto,
1151 945 1364 1007 Phyllida
1384 943 1520 994 nosti.

292 1013 390 1063 Hei
411 1012 544 1060 mihi!
583 1013 634 1067 si,
658 1026 762 1073 quae
782 1012 868 1058 sim
893 1010 1085 1073 Phyma,
1107 1020 1154 1058 et
1175 1012 1307 1067 unde,
1333 1027 1486 1074 rogas.

228 1080 351 1134 Quae
372 1080 467 1134 tibi,
492 1077 814 1140 Demophoon,
834 1077 987 1140 longis
1008 1078 1233 1124 erroribus
1253 1085 1357 1125 acto

291 1143 532 1191 Threi‘cios
544 1151 710 1206 ‚portus
731 1143 1065 1204 hospitiumque
1087 1142 1203 1189 dedi.

227 1208 374 1272 Cujus
390 1224 498 1271 opes
519 1223 687 1257 auxere
706 1224 848 1256 meae:
889 1209 963 1256 cui
985 1208 1114 1254 dives
1194 1208 1291 1255 enti

292 1274 493 1323 Munera
512 1274 655 1323 multa
675 1274 788 1331 dedi,
812 1272 958 1323 multa
976 1273 1135 1320 datum
1205 1274 1216 1284 '
1480 1276 1574 1320 110

227 1341 351 1398 Quae
372 1340 452 1386 tibi
475 1340 642 1403 subjeci
662 1340 882 1391 latissima
902 1354 1046 1400 regna
1069 1336 1289 1402 Lycurgi,

291 1405 495 1453 Nomine
514 1404 711 1452 femineo
731 1406 812 1451 vix
829 1404 940 1451 satis
960 1409 1064 1464 apta
1084 1404 1211 1465 regi:

226 1469 339 1529 Qua
379 1477 505 1536 patet
546 1471 806 1519 umbrosum
851 1468 1079 1531 Rhodope
1119 1468 1322 1531 glacialis
1359 1468 1416 1518 ad
1453 1466 1571 1516 Hae-

417 1551 559 1591 mum,

289 1600 359 1650 Et
381 1617 507 1650 sacer
527 1601 745 1649 admissas
765 1602 912 1664 exigit
932 1599 1123 1649 Hebrus
1143 1614 1296 1662 aquas.

225 1666 318 1718 Cui
338 1682 442 1714 mea
463 1668 701 1730 virg-initas
721 1669 879 1715 avibus
898 1668 1036 1714 libata
1055 1666 1264 1723 sinistris,

293 1730 523 1793 Castaque
542 1733 691 1781 fallaci
713 1748 837 1779 zona
857 1734 1057 1779 recincta
1076 1746 1231 1778 manu.

227 1795 444 1847 Pronuba
464 1797 718 1859 Tisiphone
738 1796 948 1844 thalamis
968 1797 1162 1844 ululavit
1177 1797 1225 1842 in
1245 1795 1349 1851 illis,

289 1862 359 1911 Et
379 1864 545 1911 cecinit
562 1869 783 1909 moestum
804 1862 937 1908 devia
957 1875 1139 1908 carmen
1161 1861 1273 1909 avis·

222 1927 391 1988 Adfuit
403 1929 585 1982 Alecto,
607 1927 816 1985 brevibus
830 1932 1040 1986 torquata
1058 1926 1279 1983 colubris3

293 1992 501 2055 Suntque
523 1992 761 2057 sepulcrali
779 1992 955 2039 lumina
975 1997 1100 2038 mota
1117 1989 1232 2037 face.
1479 1992 1575 2036 120

222 2058 403 2107 Moesta
420 2066 575 2107 tamen
595 2057 808 2120 scopulos
828 2056 1133 2117 fruticosaque
1152 2054 1289 2103 litora
1308 2052 1454 2111 calco,

290 2121 491 2187 Quaque
509 2131 668 2186 patent
691 2123 834 2170 oculis
855 2137 1040 2184 aequora
1058 2122 1151 2169 lata
1169 2122 1302 2170 meis.

224 2190 337 2239 Sive
357 2190 431 2239 die
449 2190 628 2239 laxatur
649 2190 827 2245 humus,
850 2204 932 2236 seu
952 2187 1118 2250 frigida
1136 2187 1293 2235 lucent

291 2254 475 2313 Sidera3
496 2255 736 2318 prospicio,
758 2255 859 2316 quis
877 2253 997 2301 freta
1018 2259 1181 2300 ventus
1204 2257 1325 2313 agat·
1348 2250 1359 2259 ⁴

223 2317 292 2369 Et
312 2335 610 2381 quaecumque
630 2320 787 2382 procul
808 2319 1035 2368 venientia
1053 2318 1197 2365 lintea
1214 2316 1323 2373 vidi,

291 2384 509 2439 Protinus
529 2385 607 2433 illa
626 2401 755 2433 meos
775 2400 975 2448 auguror
997 2398 1099 2430 esse
1121 2382 1270 2431 Deos.

224 2448 284 2497 In
296 2449 419 2497 freta
436 2466 666 2513 procurro,
682 2452 763 2499 vix
783 2466 859 2497 me
878 2449 1176 2497 retinentibus
1196 2446 1343 2504 undis,

292 2514 471 2563 Mobile
490 2515 581 2577 qua
594 2517 760 2579 primas
779 2516 974 2578 porrigit
994 2529 1152 2575 aequor
1170 2527 1327 2574 aquas·

226 2576 336 2636 Qud
356 2581 506 2644 magis
524 2582 757 2637 accedunt,
785 2579 939 2628 minus
959 2587 1006 2628 et
1026 2576 1179 2631 minus
1198 2577 1322 2627 utilis
1344 2575 1500 2625 adsto:

291 2644 512 2708 Linquor,
534 2654 583 2694 et
602 2646 779 2695 ancillis
798 2645 1065 2726 excipienda
1085 2645 1213 2693 cado.
1478 2642 1574 2686 130

226 2709 318 2759 Est
338 2711 479 2767 sinus,
500 2711 719 2762 adductos
737 2712 918 2761 modice
937 2710 1138 2764 falcatus
1150 2710 1199 2756 in
1222 2720 1368 2764 arcus,

292 2774 469 2828 Ultima
482 2774 712 2844 ptaerupta
730 2792 903 2829 cornua
920 2776 1043 2826 mole
1059 2775 1225 2838 rigent.
