1867 2942
332 155 427 199 100
665 147 721 197 P.
755 142 988 203 ovmn
1022 100 1322 201 mmsis
1385 130 1414 137 ”

331 277 686 341 Contrectatque
707 279 845 334 sinus,
868 286 917 326 et
933 278 1124 326 forsitan
1147 278 1495 342 osculajungit.

388 345 560 393 Officio
582 360 754 392 merces
774 345 951 406 plenior
972 345 1060 391 ista
1082 360 1165 392 suo
1187 352 1272 393 est.

330 410 450 466 Quis
471 411 550 457 tibi
569 411 772 472 permisit
793 415 970 456 nostras
989 424 1268 471 praecerpere
1286 424 1461 457 messes
1477 409 1503 455 ἲ

395 474 472 521 Ad
496 490 646 537 sepem
668 475 849 522 alterius
871 475 971 535 quis
993 475 1072 521 tibi
1094 474 1203 521 feeit
1217 473 1337 521 iter?

330 537 429 587 Iste
450 541 575 587 sinus
595 555 722 586 meus
744 547 843 587 est:
881 555 985 589 mea
1005 541 1194 601 turpiter
1215 539 1369 586 oscula
1391 540 1555 588 sumis.

396 604 451 665 A,
465 606 574 651 mihi
596 605 816 667 promisso
839 620 1028 666 corpore
1048 605 1158 651 tolle
1178 619 1354 651 manus.

330 669 405 717 Im
435 670 553 724 robe,
566 670 675 716 tolle
686 685 862 717 manus.
891 669 1045 724 Quam
1061 670 1226 731 tangis,
1241 676 1399 717 nostra
1411 669 1573 718 futura
1586 680 1681 721 est.

440 736 646 785 ostmodo
668 736 706 782 si
727 734 864 782 facias
884 734 1017 789 istud,
1041 735 1214 781 adulter
1235 735 1338 781 eris.

331 799 471 862 Elige
491 802 547 848 de
567 801 735 855 vacuis,
757 815 892 861 quam
913 815 1007 846 non
1031 800 1114 846 sibi
1137 799 1336 846 vindicet
1358 799 1493 847 alter.

397 866 447 913 si
470 867 630 922 nescis,
655 866 886 913 dominum
909 880 982 911 res
1002 865 1136 912 habet
1157 866 1245 911 ista
1265 879 1416 912 suum.
1575 868 1678 914 150

238 932 247 943 “
330 929 436 979 Nec
457 933 567 979 mihi
589 931 856 980 credideris·
895 930 1107 978 recitetur
1125 929 1323 980 formula
1340 930 1481 992 pacti.

395 996 505 1045 Neu
524 996 683 1044 falsam
705 997 826 1044 dieas
847 1011 975 1052 esse3
1009 995 1143 1043 face
1129 1008 1229 1056 ipsa
1247 995 1386 1058 legat.

331 1060 538 1110 Alterius
558 1062 769 1123 thalamo,
793 1061 872 1108 tibi
894 1076 994 1117 nos,
1016 1058 1101 1108 tibi
1122 1061 1325 1115 dicimus,
1348 1061 1440 1108 exi.

398 1126 524 1181 Quid
543 1116 653 1173 facis
674 1127 747 1173 hic
761 1126 784 1171 ἰ’
817 1127 922 1173 exi:
963 1141 1055 1173 non
1077 1133 1209 1173 vacat
1228 1126 1316 1172 iste
1336 1132 1480 1173 torus.

331 1191 456 1240 Nam
478 1188 598 1268 quod
618 1191 754 1238 habes
776 1198 824 1238 et
843 1200 894 1238 tu
915 1192 1100 1238 humani
1121 1191 1260 1238 verba
1279 1191 1421 1239 altera
1448 1192 1606 1253 pacti3

397 1255 509 1304 Non
533 1257 618 1303 erit
639 1257 805 1303 idcirco
825 1272 908 1319 par
928 1264 1010 1304 tua
1030 1271 1188 1303 caussa
1208 1271 1339 1304 meae.

333 1320 457 1369 Haec
476 1322 588 1369 mihi
610 1336 660 1368 se
679 1322 872 1384 pepigit:
900 1328 1028 1384 pater
1050 1323 1166 1368 hanc
1188 1322 1285 1397 tibi,
1299 1321 1474 1383 primus
1488 1322 1547 1369 ab
1562 1319 1670 1370 ille

397 1386 490 1434 Sed
510 1387 692 1448 propior
713 1382 850 1441 certe,
873 1383 1009 1448 quam
1030 1394 1170 1449 pater,
1192 1387 1292 1448 ipsa
1314 1387 1398 1433 sibi
1418 1395 1506 1434 est.

334 1449 554 1499 Promisit
572 1460 698 1513 pater
720 1453 864 1498 hanc.
903 1452 1005 1498 haec
1026 1452 1248 1515 adjuravit
1268 1452 1454 1499 amanti.

398 1513 486 1563 Ille
506 1517 722 1572 homines,
747 1518 846 1564 haec
866 1524 939 1564 est
958 1515 1197 1564 testificata
1217 1515 1387 1564 Deam.
1577 1520 1680 1565 160

334 1580 432 1629 Hic
453 1583 616 1629 metuit
637 1582 844 1645 mendax,
868 1583 1001 1629 timet
1020 1584 1119 1629 haec
1139 1583 1320 1644 perjura
1339 1581 1510 1629 vocari.

397 1645 527 1694 Num
549 1647 736 1703 dubites,
760 1648 833 1694 hic
855 1648 915 1695 sit
935 1649 1093 1712 major,
1116 1662 1176 1695 an
1198 1648 1275 1693 ille
1294 1653 1446 1694 metus
1459 1646 1483 1692 1¹

331 1709 560 1773 Denique,
584 1721 635 1760 ut
656 1714 890 1761 amborum
912 1708 1120 1760 conferre
1139 1713 1341 1774 pericula
1360 1713 1526 1774 possis,
1591 1770 1592 1773 Ἴ

398 1777 595 1841 Respice
617 1780 673 1826 ad
695 1786 918 1826 eventus.
958 1780 1059 1825 haec
1081 1779 1226 1833 cubat,
1250 1777 1326 1825 ille
1347 1777 1485 1824 valet.

332 1842 437 1892 Nos
458 1859 636 1905 quoque
657 1844 860 1891 dissimili
882 1843 1127 1891 certamina
1146 1850 1302 1890 mente
1324 1842 1557 1901 subimus,

397 1908 501 1959 Nec
525 1924 626 1971 spes
648 1925 729 1971 par
749 1910 891 1966 nobis,
914 1924 1002 1956 nec
1022 1910 1160 1955 timor
1182 1923 1340 1970 aequus
1363 1908 1507 1955 adest.

331 1972 407 2021 Tu
429 1975 547 2036 petis
564 1990 627 2021 ex
647 1982 776 2023 tuto.
821 1975 1006 2037 gravior
1025 1974 1136 2021 mihi
1157 1981 1306 2021 morte
1327 1972 1510 2035 repulsa
1530 1980 1634 2021 est·

399 2036 543 2102 quue
565 2056 654 2101 ego
667 2041 779 2102 jam,
802 2040 924 2101 quod
945 2047 995 2087 tu
1015 2038 1169 2087 forsan
1190 2039 1372 2095 amabis,
1396 2053 1515 2086 amo.

333 2104 384 2153 Si
408 2106 486 2153 tibi
498 2105 704 2167 justitiae,
729 2105 768 2152 si
791 2106 901 2152 recti
923 2120 1033 2151 cura
1049 2103 1243 2162 fuisset3

399 2168 575 2219 Cedere
597 2170 811 2217 debueras
832 2170 1045 2232 ignibus
1033 2184 1130 2232 ipse
1149 2170 1278 2217 meis.
1578 2170 1678 2217 1⁷0

330 2233 473 2283 Nunc
494 2235 708 2297 quoniam
729 2234 852 2282 ferus
873 2236 948 2281 hic
968 2250 1052 2297 pro
1074 2233 1234 2283 caussa
1253 2240 1430 2297 pugnat
1450 2231 1637 2295 iniqua·
1620 2268 1640 2293 ,

388 2299 477 2349 Ad
497 2300 617 2362 quid,
643 2298 863 2378 Cydippe,
886 2300 1019 2347 litera
1038 2308 1194 2347 nostra
1216 2299 1366 2347 redit?

334 2363 433 2412 Hic
453 2366 563 2413 facit
584 2373 635 2412 ut
646 2367 816 2427 Jaceas,
839 2373 886 2412 et
908 2367 972 2412 sis
994 2373 1202 2426 suspecta
1226 2364 1409 2415 Dianae·

401 2426 544 2476 Hunc
566 2435 630 2484 tu,
654 2431 692 2476 si
715 2431 873 2491 sapias,
895 2431 1035 2477 limen
1058 2430 1179 2477 adire
1199 2437 1343 2477 vetes.

334 2492 446 2540 Hoc
466 2494 659 2542 faciente
682 2495 804 2542 subis
824 2501 916 2541 tam
940 2510 1065 2542 saeva
1082 2494 1283 2556 pericula
1303 2494 1428 2541 vitae·

400 2557 556 2619 Atque
579 2559 748 2604 utinam
768 2574 852 2620 pro
873 2567 932 2614 te,
957 2560 1034 2620 qui
1055 2566 1211 2606 movet
1231 2559 1321 2614 illa,
1344 2556 1504 2606 cadat!

334 2620 489 2676 Quem
513 2624 551 2668 si
573 2622 800 2701 repuleris,
823 2638 922 2678 nec,
946 2639 1080 2684 quem
1104 2623 1213 2670 Dea
1234 2623 1432 2681 damnat,
1454 2618 1653 2671 amatis·
1638 2657 1656 2684 ,

399 2684 470 2735 Et
489 2692 540 2732 tu
562 2683 792 2743 continuo,
814 2685 941 2736 certe
962 2704 1051 2753 ego
1073 2689 1227 2737 salvus
1247 2704 1342 2738 ero.
