1867 2942
287 89 389 136 zos
555 80 653 140 ,Δ.
678 75 918 157 SABINI
949 76 1289 131 EPISTOLA
1310 78 1388 130 11.

297 214 410 266 Sola
426 211 516 261 fuit
534 209 729 260 'Phr-ace.
771 207 930 259 Patria
947 169 1129 272 quoque
1138 213 1292 274 jactor
1310 212 1360 259 in
1381 209 1487 261 init

365 278 605 329 Auxilium
627 292 810 340 superes
830 278 1007 324 casibus
1026 291 1120 324 una
1137 278 1267 324 meis.

301 344 354 395 si
374 341 512 392 modd
531 357 663 390 mens
683 342 857 389 eadem.
897 340 1004 390 Nec
1024 338 1147 403 quod
1167 343 1227 389 sit
1236 343 1339 405 ,iam
1358 343 1479 391 mihi
1499 344 1653 395 divo

367 409 535 472 Regia,
558 405 782 470 cecropia
801 422 895 454 non
916 408 1068 453 minor
1085 422 1203 462 arce,
1224 415 1385 455 movet
1397 426 1413 455 ε

197 468 206 475 ’
305 474 412 525 Nec
430 474 572 538 patris
593 472 829 521 offendunt
848 486 1011 530 casus;
1034 487 1120 519 nec
1135 473 1326 520 crimina
1343 475 1511 523 matris
1522 492 1549 534 3

369 539 476 588 Nec
487 541 586 603 jam
608 554 703 585 non
721 538 833 586 felix
853 538 1006 585 omine
1028 537 1351 601 Demophoon.

309 605 473 662 Quid?
496 605 535 652 si
559 603 806 652 Pboebeam
826 610 1029 665 peterem
1049 610 1097 649 te
1117 604 1314 665 coniuge
1331 602 1552 668 Trojam,

376 669 556 732 Perque
576 685 720 716 annos
743 683 953 730 sequerer
971 668 1090 715 bella
1107 668 1309 731 gerenda
1329 669 1529 717 decem?

313 734 577 798 Penelopen
599 734 756 781 audis:
782 740 883 780 toto
902 733 1111 780 laudatur
1129 735 1180 780 in
1200 734 1323 790 orbe,

381 799 660 862 Exemplum
679 798 757 846 fidi
779 814 872 847 non
892 799 996 846 leve
1015 799 1136 846 facta
1154 799 1258 846 tori.
1600 806 1675 851 80

317 865 408 915 Illa
426 866 516 929 piae
539 866 628 929 (sic
650 879 805 912 rumor
825 862 910 924 ait)
934 864 1169 912 mendacia
1187 863 1295 912 telae

380 930 570 985 struxit,
594 938 642 977 et
661 931 883 977 instantes
903 929 1078 976 distulit
1097 935 1195 977 arte
1213 944 1400 992 procos:

317 993 440 1047 Cum
462 1003 697 1059 properata
714 993 862 1059 palam
883 1001 1118 1042 revocaret
1135 995 1331 1042 stamina
1348 994 1520 1053 noctis,

385 1062 543 1123 Atque
562 1062 726 1108 iterum
741 1062 790 1107 in
809 1061 937 1108 lanas
958 1075 1095 1107 omne
1115 1060 1281 1106 rediret
1299 1075 1433 1122 opus.

319 1127 390 1175 At
409 1134 489 1173 tua
508 1141 568 1174 ne
587 1125 766 1188 fugiant
787 1126 924 1187 spreti
947 1126 1171 1172 connubia
1189 1123 1409 1181 Τὶιῐαοεε,

388 1190 555 1253 Phylli,
574 1191 724 1238 times.
762 1190 861 1238 Ulli
881 1190 1064 1246 nubere,
1086 1190 1210 1246 dura,
1231 1196 1363 1254 potes
1375 1189 1400 1236 ’ἓ

320 1256 502 1317 Estque
522 1256 602 1303 tibi
621 1263 782 1318 peetus
800 1256 1020 1318 cujusque
1038 1255 1254 1303 accedere
1275 1255 1446 1304 taedae?

390 1321 556 1370 Obstat
573 1319 774 1382 perfidiae
794 1335 879 1367 nec
898 1327 1050 1368 metus
1069 1321 1158 1368 iste
1176 1321 1305 1368 tuae?

324 1387 405 1436 Ah
426 1386 507 1432 tibi
527 1392 724 1446 quantus
742 1386 830 1432 erit
847 1385 957 1433 facti
978 1385 1139 1434 rubor!
1166 1386 1223 1433 ah
1243 1385 1324 1433 tibi
1339 1393 1542 1448 quanm

391 1449 516 1498 Tum
537 1449 680 1505 dolor,
701 1451 922 1514 adspicies
943 1447 1049 1498 cum
1070 1465 1173 1499 mea
1192 1451 1296 1498 vela
1307 1452 1499 1512 procul!
1610 1458 1679 1503 ⁹0

330 1514 677 1576 Damnabisque
695 1521 802 1563 tuos
822 1513 925 1563 sero
945 1516 1184 1564 temeraria
1201 1516 1413 1578 questus!

392 1580 724 1644 Demophoom'
736 1582 870 1638 dices,
892 1581 970 1629 hei
987 1581 1113 1636 mihi,
1132 1580 1251 1628 fidus
1272 1581 1393 1631 erat!

328 1645 641 1709 Demophoon
660 1647 805 1702 rediit,
826 1653 876 1694 et
894 1660 1048 1695 saevos
1066 1645 1256 1694 forsitan
1278 1645 1434 1695 Euros

399 1710 585 1769 Passus,
608 1718 656 1758 et
675 1712 884 1759 hibernas
904 1711 1013 1758 dum
1034 1726 1218 1773 quoque
1237 1713 1379 1761 currit
1398 1726 1555 1773 aquas.

333 1777 413 1828 Ah
426 1792 508 1826 cur
522 1777 675 1825 nescio
687 1792 821 1838 quam
833 1777 1173 1840 properavimus
1181 1777 1278 1841 (hei
1290 1778 1400 1824 mihi
1410 1775 1448 1838 !)
1464 1777 1673 1842 culpan?

399 1841 540 1906 Rupi,
561 1857 696 1903 quam
717 1850 895 1905 ruptam
917 1857 1019 1889 sum
1042 1842 1152 1889 mihi
1173 1849 1345 1904 questa,
1366 1841 1521 1890 fidem.

338 1907 417 1957 Sic
438 1914 592 1955 tamen
614 1909 671 1955 ah
691 1904 855 1970 potius,
878 1907 945 1955 sic
966 1914 1170 1970 perstes;
1193 1905 1330 1970 quam
1351 1908 1463 1955 mihi
1485 1908 1544 1956 de
1561 1914 1612 1956 te

404 1971 611 2022 Ulterior
630 1979 791 2036 tangat
808 1979 1006 2036 pectora,
1032 1972 1199 2035 Phylli,
1223 1972 1378 2022 dolor!

339 2037 474 2095 Quos
492 2037 576 2086 tibi
596 2039 695 2102 (me
714 2038 928 2086 miserum
945 2036 983 2099 Ξ)
1006 2038 1204 2100 laqueos,
1226 2053 1332 2100 quae
1345 2037 1676 2089 fateminafis?

405 2100 474 2152 Et
493 2103 628 2151 nimis
648 2104 839 2151 audaces
857 2119 974 2167 gens
994 2104 1128 2150 habet
1150 2103 1239 2150 ista
1260 2103 1407 2151 Deos.
1582 2108 1674 2151 loo

342 2167 505 2238 Parcq
512 2183 696 2230 precor:
715 2167 973 2230 famamque
988 2168 1150 2215 domos
1161 2169 1271 2214 mihi
1289 2170 1461 2216 crimen
1475 2169 1691 2219 habentis.

410 2230 633 2287 Perfidiae,
654 2231 838 2294 geminii
858 2248 918 2279 ne
939 2246 1106 2296 preme,
1128 2233 1253 2288 dura,
1276 2231 1399 2281 notai.

342 2293 552 2344 Excuset
568 2304 744 2358 patrem
763 2296 871 2345 fatis
889 2298 939 2343 in
959 2305 1088 2359 parte
1107 2298 1264 2346 relicta

409 2359 584 2407 Gnosis
598 2379 611 2406 ι
651 2376 745 2407 non
758 2363 915 2416 merui,
940 2378 1020 2409 cur
1030 2362 1151 2410 ferar
1169 2363 1266 2424 ipse
1287 2377 1479 2411 nocens.

343 2416 488 2472 Nunc
508 2423 635 2471 venti
655 2440 758 2473 mea
776 2426 914 2473 verba
932 2426 1094 2483 ferant,
1118 2428 1196 2489 qui
1216 2427 1320 2475 vela
1338 2428 1556 2476 tulerunt.

347 2532 354 2539 ἡ
409 2482 500 2534 Est
521 2488 699 2537 animus
717 2488 914 2539 redittis:
943 2493 1023 2540 sed
1041 2492 1119 2556 pia
1138 2507 1300 2543 caussa
1316 2498 1460 2544 tenet-
