1867 2942
280 123 342 169 10
609 117 666 166 P.
700 73 937 166 0V1D11
971 112 1277 164 NASONIS

277 249 405 305 Quin
426 249 562 295 etiam
582 248 705 295 fama
724 254 808 302 est,
831 244 937 294 cum
958 246 1156 294 crastina
1175 245 1354 294 fulserit
1373 242 1490 302 Eos,

341 313 414 361 Te
435 314 541 361 dare
562 312 775 360 nubiferis
793 313 914 360 linea
935 313 1040 360 vela
1060 311 1214 359 Notis.
1597 374 1601 377 Δ

278 379 419 435 Quod
439 380 586 426 scelus
609 386 661 425 ut
682 378 867 441 pavidas
887 378 1067 426 miserae
1087 379 1199 425 mihi
1221 377 1418 440 contigit
1438 390 1592 431 aures,

345 445 588 507 Sanguinis
608 451 745 506 atque
765 444 904 491 animi
924 452 1085 507 pectus
1106 445 1242 490 inane
1261 443 1364 490 fuit.
1431 477 1454 504 ¹-
1559 446 1637 488 60

280 510 398 557 Ibis:
425 517 473 556 et
495 507 547 573 (ὃ
568 507 801 570 miseram)
827 509 900 556 cui
921 525 1009 566 me,
1032 510 1246 564 violente,
1270 505 1535 569 relinques?

347 575 465 629 Quis
485 576 597 621 mihi
618 576 812 622 desertae
832 575 946 622 mite
964 576 1173 621 levamen
1191 575 1276 621 erit
1288 572 1312 619 ’ἒ

278 639 494 689 Devorer
515 637 637 697 ante,
659 656 831 702 precor,
856 641 1013 689 subito.
1026 640 1201 687 telluris
1222 640 1362 696 hiatu,

345 706 446 754 Aut
460 706 595 753 rutilo
616 706 743 752 missi
761 705 967 752 fulminis
988 707 1098 768 igne
1119 720 1293 752 cremer
1311 722 1325 751 ι

281 770 436 828 Quina
459 773 556 820 sine
576 787 653 818 me
674 771 853 818 Phthiis
875 770 1322 833 canescent'aequora
1341 770 1495 827 remis,

345 837 415 886 Et
434 838 612 885 videam
633 853 807 900 puppes
827 838 894 884 ire
918 837 1078 885 relicta
1096 844 1215 885 tuas.

194 962 202 971 ,
281 903 334 952 si
357 903 437 950 tibi
449 904 548 968 jam
571 904 830 965 reditusque
848 903 1041 966 placent,
1063 903 1286 966 patriique
1304 907 1527 965 penaten
1613 934 1616 937 -

348 968 463 1016 Non
483 985 572 1033 ego
594 984 709 1017 sum‘
718 970 850 1016 classi
870 969 1049 1016 sarcina
1068 983 1239 1031 magna
1258 975 1370 1014 tuae.

282 1032 523 1082 Victorem
546 1035 723 1097 captiva
742 1050 917 1094 sequar,
941 1049 1035 1080 non
1058 1042 1201 1096 nupta
1220 1034 1463 1082 maritumz

351 1099 442 1147 Est
462 1099 585 1154 mihi,
607 1114 713 1161 quae
730 1098 858 1157 lanas
878 1099 1068 1154 molliat,
1088 1106 1195 1161 apta
1213 1113 1393 1145 manus.
1569 1097 1639 1145 '70
1687 1113 1692 1117 ·

283 1162 415 1212 Inter
437 1165 694 1212 Achaiadas
714 1161 858 1227 longe
878 1164 1183 1227 pulcherrima
1204 1169 1372 1210 matres

350 1228 411 1277 In
432 1229 656 1277 thalamos
677 1231 846 1292 conjux
867 1230 951 1276 ibit
977 1227 1185 1292 (eatque)
1209 1235 1331 1276 tuos.
1506 1273 1516 1278 ,

283 1294 451 1358 Digna
463 1311 605 1343 nurus
627 1311 800 1349 socero,
821 1295 957 1344 Jovis
978 1293 1260 1358 AEginaeque
1281 1302 1481 1357 nepote3

351 1359 532 1422 Cuique
554 1376 696 1409 senex
717 1360 901 1409 Nereus
920 1376 1135 1424 prosocer
1155 1375 1257 1408 esse
1276 1360 1407 1409 velit.

285 1425 392 1475 Nos
412 1424 620 1487 humiles,
641 1427 916 1488 famulaeque
934 1434 1044 1482 tuae,
1081 1427 1187 1474 data
1204 1441 1347 1490 pensa
1363 1426 1597 1474 trahemus
1609 1440 1625 1472 t

355 1490 424 1538 Et
444 1493 653 1538 minuent
672 1492 831 1555 plenas
851 1492 1050 1540 stamina
1068 1499 1227 1540 nostra
1247 1493 1391 1540 colos.

287 1555 513 1620 Exagitet
534 1572 595 1604 ne
614 1573 690 1604 me
711 1555 892 1605 tantum
913 1560 1006 1614 tue,
1029 1558 1259 1621 deprecor,
1284 1573 1417 1612 uxor,

357 1622 477 1676 Quae
498 1623 610 1669 mihi
631 1624 786 1685 nescio
806 1640 898 1686 quo
920 1639 1015 1672 non
1037 1626 1124 1672 erit
1145 1639 1279 1687 aequa
1296 1622 1451 1671 modo.
1547 1626 1558 1633 “

287 1686 426 1735 Neve
447 1703 575 1735 meos
597 1686 750 1735 coraim
773 1690 917 1737 scindi
938 1690 1110 1754 patiare
1132 1691 1348 1754 capillos:

354 1752 424 1800 Et
444 1753 605 1800 leviter
626 1755 772 1803 dicas:
814 1754 938 1804 Haec
959 1772 1142 1819 quoque
1162 1764 1320 1804 nostra
1339 1753 1441 1801 fuit.
1571 1755 1635 1798 80

256 1842 267 1849 =
289 1817 386 1877 Vel
405 1820 576 1882 patiare
597 1819 730 1879 licet3
766 1822 883 1877 dum·
897 1838 958 1870 ne
980 1829 1213 1870 contemta
1233 1821 1472 1881 relinquar.

357 1884 454 1932 Hic
476 1886 587 1932 mihi
603 1901 678 1933 vae
698 1888 881 1935 miserae
902 1890 1107 1936 'concutit
1130 1903 1236 1935 ossa
1248 1893 1412 1935 metus.

293 1950 420 2004 Quid
441 1956 594 1997 tamen
616 1960 852 2016 exspectas
863 1953 886 1999 2
921 1955 1278 2015 Agamemnona
1295 1950 1491 2013 poenitet
1509 1947 1618 2005 itm..

356 2015 425 2063 Et
436 2016 562 2078 jacet
582 2024 688 2065 ante
709 2025 813 2065 tuos
837 2019 1025 2066 Graecia,
1042 2024 1209 2065 moesta
1226 2017 1379 2079 pedes.

211 2081 216 2088 '
293 2079 446 2128 Vince
467 2082 657 2136 animos,
680 2083 883 2144 iramque
902 2090 1043 2137 tuam,
1067 2083 1145 2144 qui
1167 2089 1318 2128 cetera
1337 2080 1505 2127 vincis.
1599 2080 1618 2119 ·'

359 2146 487 2200 Quid
507 2146 679 2194 lacerat
700 2147 890 2196 Danaas
910 2149 1107 2210 impiger
1131 2145 1313 2195 Hector
1335 2146 1478 2208 opes?

293 2210 441 2259 Arma
463 2226 585 2274 cape,
609 2212 813 2269 AEadda,
837 2214 917 2261 sed
937 2228 1013 2259 me
1033 2221 1187 2260 tamen
1209 2208 1318 2260 ante
1339 2218 1547 2274 recepta:

359 2276 426 2324 Et
445 2293 602 2340 preme
623 2280 840 2334 turbatos,
865 2278 1023 2325 Marte
1042 2278 1240 2334 favente,
1264 2278 1403 2325 viros.

295 2341 491 2404 Propter
510 2358 586 2390 me
606 2352 731 2391 mota
752 2350 836 2399 est,
853 2350 1038 2407 propter
1057 2359 1135 2391 me
1156 2344 1336 2392 desinat
1354 2343 1450 2391 ira:

363 2408 551 2469 Simque
573 2425 662 2471 ego
682 2410 880 2457 tristitiae
902 2425 1063 2457 caussa
1081 2410 1336 2472 modusque
1354 2415 1464 2456 tuae.
1578 2412 1636 2456 90

294 2471 401 2520 Nec
421 2474 500 2520 tibi
522 2480 654 2535 turpe
674 2481 786 2536 puta
804 2476 1015 2538 precibus
1038 2477 1334 2524 succumbere
1352 2473 1548 2522 nostris:

360 2535 588 2600 Conjugis
613 2539 806 2589 OEnides
828 2555 990 2588 versus
1010 2542 1059 2587 in
1080 2555 1207 2588 arma
1225 2555 1361 2604 prece
1381 2546 1467 2587 est·

293 2602 393 2650 Res
415 2604 568 2650 audita.
586 2604 712 2659 mibi,
736 2612 845 2653 nota
865 2613 937 2652 est
956 2607 1053 2653 tibi.
1111 2606 1346 2654 Fratribus
1368 2605 1479 2653 orba

362 2667 575 2716 Devovit
595 2669 691 2716 nati
713 2684 931 2733 spemque
954 2679 1177 2735 caputque
1196 2685 1379 2736 pare-ns.
