1867 2942
275 171 308 214 6
619 164 947 216 P.0V1D11
979 165 1285 217 NASONIS

276 296 493 358 Turpiter
513 297 755 359 hospitium
776 298 896 344 lecto
917 295 1171 346 cumulasse
1181 299 1331 362 jugali

332 361 560 418 Poenitet,
584 370 630 409 et
650 363 778 410 lateri
799 364 1081 410 conseruisse
1100 364 1233 411 latus.
1291 385 1296 391 ·

278 427 401 486 Quae
419 427 506 474 fuit
527 435 634 474 ante
652 428 790 483 illam,
812 428 994 474 mallem
1017 444 1225 490 suprema
1244 429 1414 477 fixisset,

342 492 456 540 Nox
477 493 611 549 mihi3
637 494 743 540 dum
765 494 891 556 potui
915 491 1092 555 Phyllis
1114 496 1304 542 honesta
1323 494 1455 542 mori.
1554 501 1625 544 60

276 558 465 623 Speravi
486 558 663 612 melius‚·
683 558 788 619 quia
807 573 885 605 me
903 559 1123 606 meruisse
1143 561 1312 621 putavi.

343 624 659 684 Quaecumque
680 638 739 669 ex
759 624 922 671 merito
946 639 1048 686 spes
1068 626 1208 680 venit,
1232 640 1364 687 aequs.
1381 624 1522 674 venit.

234 724 239 729 -
274 688 455 738 Fallere
475 689 732 736 credentem
754 703 847 735 non
863 697 934 735 est
955 705 1145 751 operosa
1163 691 1360 752 puellam

343 755 516 803 Gloria.
569 754 840 816 Simplicitas
857 755 997 816 digna
1013 754 1173 803 favore
1192 754 1293 802 fuit.
1367 798 1374 803 .

275 819 389 869 Sum
411 822 599 882 decepta
616 820 720 874 tuis,
743 828 791 867 et
812 835 971 867 amans
991 827 1039 867 et
1057 819 1240 878 femina,
1261 822 1423 878 verbis,

341 884 410 932 Di
429 885 608 941 faciant,
632 886 776 933 laudis
798 901 976 934 summa
991 886 1050 933 sit
1068 888 1156 933 ista
1177 892 1378 934 tuae-1

275 948 408 1001 Inter
430 958 477 998 et
497 951 695 1013 AEgidas
717 949 865 999 medis
885 951 1095 999 statuaris
1108 952 1158 998 in
1179 953 1318 1000 urbe·

318 1016 622 1079 Magnificus
643 1016 784 1063 titulis
806 1024 896 1064 stet
918 1024 1046 1079 pater
1066 1014 1174 1064 ante
1195 1018 1304 1065 suis.

276 1078 400 1131 cum
422 1082 560 1128 fuerit
585 1082 763 1143 Scyron
785 1081 944 1136 lectus,
967 1089 1215 1143 torvusque
1238 1081 1520 1140 Procrustes,

244 1192 251 1197 .
339 1147 406 1195 Et
430 1147 569 1204 Sinis,
591 1155 638 1193 et
658 1147 775 1194 tauri
795 1148 1027 1207 mixtaque
1046 1147 1193 1194 forma
1206 1148 1323 1205 viri3
1554 1152 1621 1198 70

272 1208 343 1262 Et
363 1214 546 1261 domitae
566 1213 685 1260 bello
706 1209 891 1266 Thebae,
913 1210 1093 1273 fusique
1112 1213 1395 1269 bimembres,

339 1278 408 1326 Et
428 1278 605 1341 pulsata
624 1277 744 1340 nigri
764 1277 892 1339 regia
912 1293 1036 1324 caeca
1052 1276 1169 1324 Dei.
1333 1298 1336 1299 ⁷

273 1343 387 1392 Hoc
406 1352 488 1391 tua
507 1351 612 1406 post
631 1343 758 1389 illum
780 1342 912 1389 titulo
942 1343 1147 1404 signetur
1167 1343 1347 1406 imago:

340 1409 437 1457 Hic
459 1416 542 1464 est,
567 1409 695 1470 quus
716 1422 873 1455 amans
894 1409 1073 1470 hospita
1094 1416 1225 1470 capta
1240 1410 1346 1457 dolo
1365 1417 1452 1458 est.

270 1474 353 1524 De
373 1472 501 1522 tanti
521 1489 671 1521 rerum
691 1470 834 1528 turba,
854 1472 1079 1534 factisque
1098 1475 1311 1536 parentis,

339 1540 466 1589 Sedit
488 1540 536 1586 in
557 1539 742 1600 ingenio
766 1537 934 1588 Cressa
956 1538 1111 1603 relicta
1130 1546 1225 1586 tuo.
1255 1544 1260 1549 “

275 1605 415 1661 Quod
431 1605 576 1653 solum
598 1612 797 1658 excusat,
823 1603 970 1650 solum
993 1603 1168 1651 miraris
1188 1605 1236 1650 in
1258 1604 1353 1652 illo.

338 1669 569 1718 Heredem
591 1669 760 1731 patriae,
783 1668 965 1732 perfide,
979 1668 1149 1716 fraudis
1169 1669 1284 1732 agis·

267 1734 359 1784 Ina
382 1737 489 1800 (nec
510 1733 712 1796 invideo)
734 1735 900 1782 fruitur
920 1734 1107 1782 meliore
1127 1736 1320 1792 marit03
1605 1776 1612 1784 .

336 1799 485 1864 Inque
505 1801 754 1864 capistratis
774 1801 965 1863 tigribus
986 1800 1077 1848 alta
1098 1801 1236 1848 sedet.
1548 1805 1616 1851 80

268 1867 338 1915 At
358 1883 460 1914 mea
480 1866 676 1930 despecti
695 1865 879 1928 fugiunt
902 1867 1127 1913 connubia
1146 1866 1362 1944 Thraces,

335 1929 476 1989 Quod
495 1932 613 1980 ferar
633 1938 870 1979 externum
887 1933 1187 1995 praeposuisse
1206 1933 1335 1979 meis.

257 1998 425 2061 *Atque
439 1999 629 2060 aliqui83
653 1997 859 2045 Doctas
837 2013 937 2060 Jam
953 2012 1075 2044 nunc
1089 2006 1174 2054 eut,
1190 1998 1351 2058 inquit,
1369 1996 1604 2048 Athenas:

333 2063 606 2111 Armiferam
629 2061 853 2117 Thracen,
877 2063 955 2123 qui
977 2070 1119 2124 regat,
1142 2062 1256 2109 alter
1270 2062 1369 2109 erit.

265 2128 439 2177 Exitus
451 2137 551 2177 acta
565 2129 736 2191 probat.
767 2126 940 2174 Carent
961 2128 1239 2175 successibus
1259 2133 1382 2188 opto,

334 2195 552 2255 Quisquis
574 2194 629 2240 ab
651 2199 818 2239 eventu
839 2190 960 2238 facta
981 2192 1177 2238 notanda
1190 2198 1333 2253 putat.

266 2259 336 2307 At
358 2260 395 2306 si
417 2267 574 2307 nostra
591 2265 673 2304 tuo
696 2262 982 2319 spumescant
1005 2271 1187 2317 aequora
1207 2271 1347 2313 remo,

328 2323 436 2373 Jsm
457 2325 582 2378 mihi,
593 2324 692 2385 jam
714 2323 835 2369 dicar
855 2321 1136 2373 consuluisse
1155 2322 1282 2369 meis.

266 2389 359 2438 Sed
380 2402 527 2451 neque
548 2388 778 2439 consului:
818 2402 902 2434 nec
923 2395 973 2435 te
992 2401 1094 2434 mes
1115 2403 1212 2450 regi
1215 2404 1243 2434 a
1261 2395 1433 2452 tanget,

332 2453 534 2502 Fessave
555 2449 764 2501 Bistonia
785 2454 987 2500 membra
1005 2452 1174 2500 lavabis
1138 2403 1325 2514 eglaqufi.
1543 2459 1608 2504 90

263 2518 352 2567 Illa
372 2520 486 2567 meis
507 2519 650 2567 oculis
671 2519 840 2581 species
860 2519 1067 2566 abeuntis
1087 2519 1290 2574 inhaeret,
1502 2516 1506 2520 ’

331 2581 453 2634 Cum
474 2590 697 2647 premeret
718 2590 875 2645 portus
894 2584 1050 2631 classis
1070 2584 1189 2630 itura
1202 2598 1343 2649 meos.

264 2650 422 2698 Ausus
443 2665 494 2697 es
474 2601 738 2710 Pampleeti,
773 2648 981 2710 colloque
1001 2648 1177 2696 infusus
1197 2642 1391 2696 amantis

327 2714 499 2765 Oscula
517 2730 599 2780 per
618 2714 812 2779 longas·
791 2729 992 2779 ,jungere
1010 2728 1166 2779 pressu
1185 2727 1365 2763 moras.
