1867 2942
337 123 433 172 204
665 120 724 172 P.
752 120 986 174 OVIDII
1014 120 1319 174 NASONIS
1410 143 1425 160 -·

344 249 579 304 Quantum
601 250 800 304 defuerat
818 253 954 315 pleno
972 260 1078 315 post
1090 252 1252 301 oscula
1270 258 1411 311 voto,

408 315 503 363 Hei
525 317 656 365 mihi!
690 319 927 373 rusticitas,
951 333 1041 365 non
1062 318 1210 380 pudor
1228 319 1306 366 ille
1323 318 1424 365 fuit.

342 378 454 427 Vim
474 377 583 428 licet
604 383 819 444 adpelles3
855 391 986 446 grata
1006 389 1081 430 est
1094 385 1165 430 vis
1185 383 1273 429 ista
1291 384 1480 452 puellis:

410 444 582 500 Quod·
561 455 706 510 Juvat,
728 448 884 495 invitae
906 463 1028 510 saepe
1047 448 1223 495 dedisse
1243 442 1416 496 volurit.

345 463 669 573 Quaecumque
678 519 750 560 est
767 511 915 560 subita
935 511 1143 559 Veneris
1149 513 1316 560 violata
1333 511 1506 575 rapina,

411 574 617 626 Gaudet.
656 583 703 624 et
721 578 980 639 improbitas
999 578 1199 624 muneris
1223 578 1364 624 instar
1384 578 1537 625 habet.

346 638 416 685 At
433 655 552 701 quae,
576 638 680 688 cum
704 643 807 703 cogi
826 649 994 703 posset,
1018 657 1110 688 non
1130 648 1253 689 tacta
1270 644 1470 698 recessit,

413 703 484 752 Ut
504 707 684 753 simulet
702 706 832 754 vultu
851 707 1028 769 gaudia,
1050 708 1205 754 tristis
1211 708 1311 754 erit.

347 766 458 816 Vim
479 786 611 834 passa
628 777 699 819 est
720 771 924 830 Phoebe;
953 772 1027 818 vis
1044 778 1114 818 est
1134 772 1282 819 adlata
1300 772 1468 819 sorori.

414 834 482 883 Et
500 843 657 899 gratus
678 843 818 898 raptae
837 843 991 898 raptor
1010 843 1199 897 uterque
1215 836 1317 883 fuit.
1408 865 1435 874 --
1450 837 1477 870 2’
1577 841 1677 885 680

351 852 585 949 Fabulagra
543 908 650 949 nota
669 901 863 962 quidem,
885 900 966 948 sed
986 915 1079 947 non
1099 900 1285 963 indigna
1305 901 1475 956 referri,

417 966 599 1028 Scyrias
619 965 869 1014 Haemonio
879 967 1042 1028 juncta
1060 965 1210 1026 puella
1227 966 1339 1014 viro.

350 1030 457 1081 Jam
479 1030 588 1078 Dea
605 1031 797 1080 laudatae
817 1031 1002 1078 dederat
1021 1045 1103 1077 sua
1120 1030 1308 1093 praemia
1326 1030 1503 1086 formoe,

420 1094 553 1145 Colle
572 1097 655 1143 sub
677 1094 803 1143 Idaeo
825 1096 1007 1143 vincere
1028 1095 1167 1157 digna
1186 1095 1311 1141 duas.

350 1159 460 1210 Jam
480 1175 619 1208 nurus
639 1161 697 1208 ad
714 1159 946 1208 Priamum
965 1159 1144 1207 diverso
1165 1166 1350 1207 venerat
1369 1161 1500 1218 orbe;

420 1225 647 1289 Grajaque
667 1226 716 1274 in
737 1223 888 1272 Iliacis
908 1224 1132 1272 moenibus
1152 1239 1270 1271 uxor
1291 1232 1400 1273 erat.

354 1289 388 1339 J
390 1291 576 1338 urabant
595 1306 754 1339 omnes
773 1290 820 1337 in
842 1290 940 1337 laesi
962 1290 1100 1336 verba
1118 1290 1292 1337 mariti:

420 1355 542 1402 Nam
563 1355 692 1402 dolor
711 1355 857 1409 unius,
878 1354 1057 1416 publica
1075 1369 1235 1402 caussa
1251 1353 1352 1402 fuit.

355 1420 524 1481 Turpe,
547 1421 633 1467 nisi
655 1420 741 1466 hoc
760 1421 916 1467 matris
935 1420 1141 1481 precibus
1161 1419 1398 1476 tribuisset,
1422 1418 1631 1469 Achilles

421 1483 567 1534 Veste
585 1486 733 1532 virum
753 1483 893 1547 longa⁴
912 1485 1217 1532 dissimulatus
1235 1490 1346 1532 erat.
1583 1492 1682 1535 690

358 1548 485 1605 Quid
504 1548 630 1604 facis,
653 1548 845 1597 AEacida
859 1548 882 1594 ἲ
915 1565 1008 1596 non
1030 1556 1138 1596 sunt
1149 1557 1230 1596 tua
1249 1561 1438 1598 munera
1455 1551 1592 1599 lanae.

421 1611 499 1660 Tu
517 1615 676 1662 titulos
693 1612 781 1663 alia
801 1614 998 1662 Palladis
1017 1620 1115 1661 arte
1132 1622 1275 1676 petas.
1628 1615 1637 1622 ‘

357 1679 488 1735 Quid
494 1679 572 1727 tibi
584 1696 689 1728 cum
700 1677 913 1730 calathis?
927 1679 1094 1760 clypeo
1104 1694 1265 1726 manus
1277 1685 1383 1741 apta
1391 1681 1690 1729 tenendum.

424 1742 579 1793 Pensa
596 1746 737 1807 quid
724 1760 774 1794 ιιι
794 1740 966 1799 dextra,
988 1740 1077 1805 qua
1097 1743 1226 1791 cadet
1248 1744 1440 1803 Hector,
1462 1745 1628 1794 habes’

360 1809 467 1874 Reji
469 1825 523 1857 ce
544 1812 798 1864 succinctos
818 1824 1008 1871 operoso
1030 1809 1223 1857 stamine
1240 1809 1382 1872 fusos.

426 1875 695 1953 Quassanda
714 1882 784 1922 est
805 1873 893 1923 ista
914 1872 1067 1922 Pelias
1087 1875 1217 1922 hasta
1234 1889 1388 1922 manu.

363 1937 506 1990 Forte
527 1949 624 1988 erat
643 1941 692 1988 in
714 1939 911 1988 thalamo
931 1938 1064 2002 virgo
1087 1939 1250 2001 regalis
1271 1940 1463 1989 eodem.

429 2005 551 2053 Haec
569 2006 696 2054 illum
718 2012 873 2067 stupro
893 2004 1112 2066 comperit
1132 2020 1232 2052 esse
1250 2006 1413 2053 vimm-

363 2070 549 2119 Viribus
570 2070 647 2122 illa
665 2070 846 2132 quidem
866 2071 990 2117 victa
1008 2077 1092 2124 est,
1115 2070 1180 2117 ita
1199 2069 1383 2119 credere
1401 2077 1609 2138 oportet.

429 2136 522 2185 Sed
541 2136 685 2183 voluit
705 2135 825 2184 vinci
845 2134 1014 2186 viribus
1033 2134 1112 2181 illa
1130 2141 1296 2181 tamen.
1590 2139 1691 2183 700

365 2201 400 2250 S
534 2200 693 2256 Mane,
715 2199 840 2253 dixit,
864 2199 1003 2253 cum
982 2214 1081 2262 Jam
1100 2205 1358 2262 properaret
1376 2199 1605 2250 Achilles:

471 2267 587 2313 ortia
595 2281 709 2317 nam
729 2263 878 2327 posita
896 2271 1118 2312 sumserat
1136 2280 1263 2311 anna
1280 2264 1352 2311 col
1352 2280 1397 2312 o.

365 2330 453 2377 Vis
476 2331 549 2377 ubi
570 2345 691 2386 nunc
711 2330 788 2378 illa
808 2328 905 2378 est?
938 2328 1047 2388 quid
1064 2327 1225 2376 blandii
1244 2344 1359 2378 voce
1377 2331 1570 2379 moraris

231 2437 240 2450 ,
430 2395 679 2443 Auctorem
700 2401 855 2457 stupu,
878 2392 1134 2449 Deidamia,
1158 2392 1257 2440 tui?

368 2458 566 2512 Scilicet,
584 2465 637 2505 ut
656 2458 803 2520 pudor
816 2465 892 2506 est
910 2458 1138 2534 quondam
1158 2458 1350 2533 coepisse
1369 2458 1619 2521 priorem.

434 2522 510 2567 Sic
532 2522 621 2568 alio
640 2528 822 2583 gratum
842 2529 913 2569 est
931 2522 1173 2583 incipiente
1192 2522 1299 2584 pati.

375 2586 454 2633 Ah
476 2584 613 2632 nimia
632 2593 703 2632 est
711 2586 874 2646 juveni
894 2586 1088 2648 propriae
1107 2585 1271 2636 fiducia
1288 2586 1485 2640 forrum.

431 2649 681 2712 Exspectat
707 2650 744 2695 si
768 2649 881 2714 quja,
904 2650 1009 2704 dum
1033 2651 1154 2713 prior
1174 2650 1251 2700 illa
1271 2650 1457 2732 roget!r
