1867 2942
348 130 419 177 α)
687 124 749 177 1².
774 119 1007 175 ovmss
1037 119 1338 172 NAsoms

449 386 537 432 'cet
555 400 615 432 ex
634 385 711 432 illo
731 382 930 433 Junonia
949 389 1181 444 permanet
1199 383 1290 439 ira3

359 487 362 489 Α
422 449 1013 504 Quobosexhomineest,
1036 442 1514 495 exbovefaenDoe.

353 515 426 563 At
446 515 552 562 satis
572 522 641 562 est
661 528 809 576 poenae
829 521 1029 561 teneram
1049 512 1250 574 mugisse
1268 512 1485 574 puellamz

421 578 538 635 Nec,
560 577 695 626 modo
714 577 972 632 formosam,
994 591 1128 639 posse
1147 577 1325 638 placere
1343 574 1470 625 Jovi.

355 644 546 693 Adstitit
564 645 613 691 in
633 640 728 706 ripa
746 642 898 705 liquidi
919 657 1041 688 nova
1059 656 1198 688 vacca
1215 641 1423 702 parentis,

423 707 692 771 Cornuaque
712 709 758 754 in
779 707 933 770 patriis
954 721 1046 754 non
1068 720 1148 752 sua
1167 705 1279 752 vidit
1299 705 1450 769 aquisz
1630 711 1696 754 90

358 771 624 836 Conatoque
643 774 765 836 queri
787 772 988 834 mugitus
1008 770 1145 817 edidit
1164 785 1268 817 ore:
1677 776 1688 781 ’

421 838 684 900 Territaque
703 845 773 886 est
791 834 948 892 forma,
971 835 1125 882 territa
1143 849 1257 882 voce
1276 832 1374 882 sui.

360 903 486 959 Quid
504 903 629 960 furis,
651 901 841 951 infelix?
873 900 981 963 quid
1000 907 1047 946 te
1067 900 1240 947 miraris
1258 899 1308 946 in
1328 895 1519 946 umbra?

423 967 550 1024 Quid
570 982 776 1015 numeras
794 965 940 1014 factos
960 964 1017 1012 ad
1030 979 1150 1011 nova
1168 965 1367 1011 membra
1385 964 1557 1027 pedes?

357 1031 447 1081 Illa
464 1032 597 1083 Jovis
617 1032 770 1094 magni
788 1031 950 1093 pellex,
971 1028 1211 1076 metuenda
1230 1029 1384 1086 sorori,
1567 1054 1574 1059 ⁴

422 1096 603 1146 Fronde
620 1097 745 1144 levas
764 1095 947 1145 nimiam
969 1094 1294 1155 cespitibusque
1310 1091 1493 1142 famem.

358 1161 509 1211 Fonte
525 1162 653 1217 bibis,
673 1167 932 1223 spectasque
951 1165 1076 1206 tuam
1097 1157 1347 1221 stupefacta
1362 1157 1583 1222 figuram:

423 1226 490 1276 Et
510 1233 557 1274 te
577 1241 636 1274 ne
655 1224 829 1280 feriant,
851 1239 954 1285 quae
974 1223 1109 1285 geris,
1130 1238 1265 1279 arma,
1288 1222 1434 1272 timeo.

359 1290 567 1354 Quaeque
586 1287 733 1346 modo,
756 1296 808 1336 ut
826 1289 971 1351 possis
990 1288 1124 1336 etiam
1145 1286 1267 1337 Jove
1286 1287 1425 1351 digna
1444 1289 1600 1347 videri,
1673 1296 1684 1303 ‘

425 1356 573 1404 Dives
593 1369 718 1413 eras3
743 1351 862 1401 nuda
881 1354 1003 1401 nuda
1022 1353 1241 1401 recumbis
1262 1352 1414 1402 humo.
1595 1360 1694 1403 loo

360 1420 453 1470 Per
472 1436 609 1476 mare,
627 1434 707 1484 per
727 1425 881 1474 terras,
902 1425 1181 1482 cognataque
1201 1417 1389 1466 flumina
1408 1420 1578 1477 curris;
1667 1428 1671 1432 *

425 1485 524 1534 Dat
544 1500 679 1541 mate,
706 1484 812 1533 dant
833 1500 1003 1539 amnes,
1025 1483 1101 1531 dat
1120 1484 1199 1531 tibi
1220 1490 1341 1531 terra
1357 1485 1494 1535 viam.
1698 1526 1705 1533 .

361 1550 484 1608 Quae
504 1551 584 1599 tibi
605 1548 929 1612 caussafugae?
952 1549 1070 1610 quid,
1087 1546 1156 1603 16,
1173 1547 1288 1596 freta
1300 1549 1687 1617 longapererras?

424 1615 537 1664 Non
556 1616 722 1679 poteris
741 1615 894 1662 vultus
913 1613 1113 1677 effugere
1133 1614 1228 1675 ipsa
1246 1620 1365 1661 tuos.

358 1678 530 1739 Inachi,
552 1677 641 1743 quo
655 1695 864 1744 properas
876 1679 900 1725 ’ἒ
921 1679 1079 1727 eadem
1100 1677 1383 1740 sequerisque
1401 1677 1628 1747 fugmquss

424 1744 501 1794 Tu
522 1746 602 1794 tibi
621 1745 715 1794 dux
734 1746 913 1793 comiti:
941 1751 991 1792 tu
1006 1759 1157 1792 comes
1177 1744 1274 1805 ipsa
1292 1742 1408 1791 duci.
1676 1753 1688 1760 ’

360 1810 453 1861 Per
473 1818 642 1875 septem
663 1810 802 1858 Nilus
820 1816 977 1874 portus
996 1809 1186 1857 emissus
1205 1809 1254 1856 in
1275 1823 1430 1871 aequor

423 1875 571 1927 Exuit
588 1877 758 1925 insanae
776 1875 948 1940 pellicis
968 1889 1048 1922 ora
1064 1874 1183 1923 bovi.

363 1942 539 1991 Ultima
558 1942 664 2006 quid
685 1940 886 1995 referam,
908 1955 1099 2003 quorum
1120 1938 1230 1986 mihi
1251 1953 1364 1989 cana
1383 1949 1592 1991 senectus

425 2005 633 2056 Auctor?
666 2006 778 2054 dant
795 2006 901 2053 anni
920 2005 1041 2070 quod
1059 2019 1232 2066 querar,
1254 2020 1371 2061 ecce,
1393 1998 1499 2054 uiei.
1598 2011 1697 2057 110

359 2071 490 2121 Bella
508 2078 634 2135 pater
651 2078 924 2134 patruusque
942 2077 1132 2133 gerunt:
1172 2085 1402 2133 regnoque
1422 2071 1648 2143 domoque

428 2136 658 2186 Pellimur.
687 2135 874 2199 Ejectos
889 2136 1074 2184 ultimus
1088 2135 1206 2183 orbis
1221 2136 1369 2184 habet.

360 2200 448 2250 Ille
467 2201 597 2250 ferox
616 2200 738 2253 solus
758 2200 873 2249 solio
894 2206 1158 2263 sceptroque
1176 2199 1372 2264 potitura

430 2264 550 2316 Cum
573 2281 679 2314 sene
700 2279 784 2315 nes
804 2265 927 2328 inopi
948 2265 1077 2312 turba
1095 2280 1312 2328 vagamur
1332 2266 1477 2329 inops.

362 2331 443 2379 De
460 2330 648 2379 fratrum
667 2331 832 2394 populo
852 2345 955 2393 pars
976 2330 1269 2392 exiguissima
1288 2336 1455 2389 restas3

429 2395 610 2458 Quique
629 2397 723 2444 dati
733 2396 840 2451 leto,
862 2409 1052 2456 quaeque
1070 2392 1245 2452 dedere,
1268 2394 1370 2444 fleo.

362 2460 487 2511 'Nam
507 2461 617 2508 mihi
636 2468 746 2522 quot
764 2459 938 2515 fratres,
959 2459 1145 2506 totidem
1166 2459 1338 2522 periere
1357 2474 1548 2510 sorores·

428 2525 634 2588 Accipiat
652 2525 856 2572 lacrimas
877 2532 1065 2585 utraque
1083 2524 1220 2575 turba
1232 2538 1370 2573 meas.

365 2588 442 2639 En
463 2604 564 2652 ego,
586 2586 705 2651 quod
726 2589 855 2644 vivis,
877 2603 1029 2651 poenae
1049 2588 1287 2636 crucianda
1305 2604 1526 2641 reservor.
1685 2602 1694 2609 '

432 2650 557 2711 Quid
574 2650 653 2702 fiet
668 2653 806 2708 sonti,
828 2650 935 2702 cum
951 2669 1032 2703 rea
1048 2653 1194 2703 laudis
1211 2652 1350 2718 agat?
1591 2662 1702 2711 ‚120
