1867 2942
312 160 379 206 42
648 158 706 211 P.
737 156 971 209 ovmn
1001 150 1307 209 NASONIS

312 287 379 336 Et
398 286 514 336 freta
533 287 741 338 dicuntur
759 304 947 352 magnas
967 290 1190 352 expellere
1206 289 1389 351 phocas.

378 351 503 408 Quid
523 361 646 402 vetat
666 362 713 402 et
732 355 904 418 gladios
925 371 1005 417 per
1023 356 1144 402 latus
1161 355 1228 401 ire
1246 353 1434 402 meum?

311 415 514 466 Tantum
537 434 595 466 ne
615 421 777 482 religer
798 417 907 467 duri
927 420 1104 482 captiva
1123 417 1308 476 caten&

373 482 510 530 Neve
530 485 700 532 traham
723 483 854 532 servii
873 485 1060 547 grandia
1076 499 1217 546 pensa
1234 499 1396 531 manu:
1459 504 1466 509 ·
1585 490 1659 534 90

313 546 405 596 Cui
423 555 551 610 pater
571 556 641 596 est
662 549 832 604 Minos,
857 551 929 595 cui
952 556 1095 596 mater
1114 548 1208 595 filia
1230 547 1392 596 Phoebi
1406 566 1421 596 x

378 613 607 675 Quodque
622 616 768 677 magis
788 615 984 668 memini,
1008 629 1111 674 quae
1129 613 1211 660 tibi
1230 621 1361 675 pacta
1378 613 1462 661 fui.

312 676 364 727 Si
384 693 519 734 mare,
544 679 583 725 si
603 686 755 733 terras,
777 684 1068 741 porrectaque
1088 678 1221 725 litora
1239 678 1332 725 vidi
1343 695 1364 735 ς

375 742 530 791 Multa
548 744 657 790 mihi
678 752 823 798 terrae,
846 743 989 790 multa
1007 743 1236 789 minantur
1254 757 1399 804 aquae·

310 800 495 860 coelium
516 810 734 856 restabat:
773 809 911 855 timeo
932 807 1168 854 simulacra
1189 805 1415 855 Deorum.

375 871 616 922 Destituor
636 874 797 936 rapidis
815 872 969 935 praeda
988 872 1200 932 cibusque
1218 869 1342 919 seris.

310 936 423 987 Sive
441 940 594 987 colunt
615 940 900 999 habitantque
919 937 1018 993 viri,
1041 936 1282 984 diffidimus
1300 936 1403 985 illis.

238 1005 249 1016 “
375 1002 607 1051 Externos
629 1003 759 1050 didici
778 1004 889 1049 laesa
908 1002 1067 1048 timere
1086 1002 1222 1049 viros.

309 1066 502 1116 Viveret
520 1068 792 1129 Androgeos
812 1068 984 1113 utinam
999 1084 1011 1112 z
1039 1082 1126 1113 nec
1133 1066 1258 1114 facta
1275 1066 1438 1115 luisses

374 1130 521 1194 Impia
539 1133 779 1187 funeribus,
805 1130 1003 1194 Cecropi·
1018 1138 1147 1186 terra,
1170 1122 1284 1180 tuis'!
1551 1133 1653 1193 ion

309 1195 414 1245 Nec
434 1204 514 1244 tua
532 1195 774 1244 mactasset
794 1196 966 1244 nodoso
989 1197 1149 1258 stipite,
1172 1194 1366 1252 Theseu,

373 1261 534 1310 Ardua
550 1269 678 1325 parte
696 1263 844 1310 virum
866 1262 1062 1317 dextera,
1083 1268 1211 1324 parte
1228 1261 1417 1309 bovem!

308 1326 413 1376 Nec
434 1327 527 1383 tibi,
548 1343 653 1388 quae
673 1328 841 1375 reditus
861 1333 1174 1381 monstrarent,
1195 1326 1273 1374 fila
1292 1327 1544 1386 dedissem3

376 1390 478 1439 Fila
497 1408 577 1455 per
598 1393 809 1440 adductas
831 1408 954 1453 saepe
974 1399 1152 1454 recepta
1170 1391 1361 1440 manus!

306 1454 420 1506 Non
442 1458 646 1517 equidem
667 1458 815 1512 miror,
841 1460 878 1505 si
902 1464 992 1505 stat
1011 1457 1200 1504 victoria
1217 1464 1381 1512 tecum,

377 1521 613 1583 Strataque
635 1520 861 1570 Cretaeam
882 1522 1030 1568 bellua
1048 1521 1185 1567 tinxit
1204 1523 1408 1570 humum.

305 1583 420 1635 Non
439 1593 647 1647 poterant
666 1586 746 1648 figi
766 1585 1013 1648 praecordia
1031 1583 1175 1631 ferrea
1195 1600 1336 1651 cornu
1349 1603 1363 1631 ε

352 1650 446 1698 »Ut
466 1658 512 1698 te
533 1667 625 1698 non
646 1658 835 1713 tegeres,
857 1656 1039 1712 pectore
1059 1656 1184 1696 tutus
1205 1665 1318 1696 eras.

304 1713 408 1765 Illic
429 1722 480 1762 tu
501 1717 659 1770 silices,
682 1715 772 1762 illic
794 1715 1030 1763 adamanta
1048 1715 1218 1761 tulisti:

371 1779 485 1837 mic,
508 1782 584 1842 qui
607 1781 765 1835 silices,
787 1780 978 1835 The-effi
1001 1780 1166 1834 vineat,
1190 1780 1340 1827 habes.
1546 1786 1648 1832 110
1729 1770 1734 1777 “

307 1843 526 1895 Crudeles
548 1846 707 1900 somni,
731 1846 837 1905 quid
857 1861 932 1891 me
953 1845 1157 1892 tenuistis
1177 1844 1397 1892 inertem?

370 1911 440 1959 At
460 1913 601 1958 semel
622 1907 791 1959 aetemd
810 1917 944 1958 noete
961 1910 1204 1973 premenda
1221 1909 1303 1956 fui.
1325 1904 1336 1913 ’

304 1975 408 2024 Vos
427 1991 618 2037 quoque,
643 1976 843 2023 crudeles
863 1976 1001 2030 venti,
1025 1974 1301 2035 nimiumque
1320 1976 1486 2038 parati5

360 2041 664 2103 ¹Flaminaque
684 2041 731 2087 in
752 2041 958 2088 lacrimas
981 2041 1178 2087 officiosa
1197 2055 1336 2087 meas.

304 2104 513 2154 Dextera
533 2106 734 2161 crudelis,
757 2121 860 2166 quae
879 2121 956 2153 me
974 2105 1245 2166 fratremque
1266 2104 1471 2153 necavitz
1619 2106 1634 2141 l

368 2169 436 2218 Et
457 2171 560 2218 data
577 2172 791 2233 poscenti,
815 2185 981 2217 nomen
1002 2171 1145 2225 inane,
1168 2170 1293 2216 fides.

304 2234 365 2284 In
385 2251 462 2284 me
471 2233 681 2297 junii-unt
702 2250 898 2290 somnus,
922 2240 1187 2294 ventusque,
1209 2234 1422 2297 fidesque.

370 2299 556 2348 Prodita
576 2316 676 2347 sum
698 2301 866 2347 caussis
887 2315 979 2347 una
996 2300 1143 2362 puella
1160 2300 1318 2347 tribus.

304 2363 436 2427 Ergo
458 2381 545 2427 ego
567 2381 650 2412 nec
670 2365 874 2412 lacrimas
894 2366 1050 2411 matris
1069 2365 1286 2412 moritura
1304 2364 1484 2412 videbo:

367 2428 485 2484 Nec,
508 2445 609 2476 mea
627 2431 704 2490 qui
725 2430 892 2492 digitus
908 2424 1083 2476 lumina
1102 2430 1278 2484 condat,
1300 2430 1388 2476 erit
1399 2428 1423 2475 ⁰?
1542 2433 1637 2481 120

302 2492 496 2556 Spiritus
516 2493 672 2540 infelix
689 2496 947 2557 peregrinas
966 2495 1047 2543 ibit
1065 2494 1113 2540 in
1134 2509 1294 2550 auras3

368 2557 420 2604 N
421 2573 472 2604 ec
491 2558 663 2620 positos
682 2565 805 2605 arms
826 2565 1000 2622 unguet
1019 2559 1164 2605 amica
1182 2555 1376 2604 manus?

302 2622 424 2675 Ossa
442 2622 757 2687 superstabunt
775 2623 983 2670 volueres
1002 2622 1234 2669 inhumata
1251 2620 1471 2672 marinae?

368 2684 495 2735 Haee
508 2691 618 2735 sunt
637 2685 795 2735 officiis
815 2686 953 2752 digna
972 2687 1177 2750 sepulcra
1194 2684 1340 2737 meis?
1377 2686 1380 2689 '

473 2777 495 2800 ,
828 2780 837 2786 .
