1867 2942
345 152 441 197 208
681 150 737 202 P.
771 151 1002 204 ovmn
1033 131 1329 203 NASONIS

346 276 419 326 Sit
437 280 599 328 modus
618 282 788 337 exsilio,
811 283 938 338 dixit,
951 283 1201 346 justissime
1221 282 1408 331 Minos:

410 344 618 407 Accipiat
637 346 951 408 eineresterra‘
964 355 1150 410 patema
1169 365 1320 396 meos..
1376 409 1379 410 ⁷
1426 401 1439 412 ι

343 406 410 455 Et
430 412 637 470 quoniam
660 412 705 457 in
727 409 878 474 patria,
899 407 1006 459 fatis
1027 415 1222 476 agitatus
1240 411 1417 475 iniquis,

408 472 579 523 Vivere
599 492 690 523 non
711 479 846 539 potui,
873 479 930 524 sit
952 479 1058 524 mihi
1079 495 1212 542 posse
1232 477 1358 524 mori.

343 535 425 585 Da
444 538 631 586 reditum
654 558 805 604 puero,
830 543 949 592 senis
970 550 1039 589 est
1060 544 1097 589 si
1120 544 1265 606 gratia
1284 542 1410 589 vilis=

409 603 457 649 si
481 620 571 650 non
593 607 662 652 vis
681 622 820 668 puero
841 623 1036 669 parcere,
1058 623 1190 669 parce
1211 607 1322 654 seni.
1606 610 1678 655 30

342 665 537 715 Dixerat
558 671 668 720 haec.
705 671 795 718 Sed
817 680 863 718 et
884 673 994 726 haec,
1019 680 1064 718 et
1085 669 1227 718 mult&
1247 673 1375 734 plura
1392 669 1561 720 licebat

407 731 596 781 Dicere:
637 752 865 800 regressus
888 752 980 786 non
1002 735 1132 785 dabat
1153 733 1228 798 ille
1248 739 1359 794 viro.

343 791 480 851 Quod
497 799 695 847 simulac
712 797 863 857 sensit,
888 800 1041 856 Nunc,
1066 799 1093 847 ὃ
1110 817 1242 857 nunc,
1259 801 1464 857 Daedaie,
1483 797 1617 857 dixit,

405 861 661 920 Materiam,
684 863 771 927 quii
793 866 853 912 sis
873 867 1146 927 ingeniosus,
1169 867 1317 913 habes.

341 923 551 976 Possidet
572 945 629 976 en
651 937 804 985 terras,
827 938 875 977 et
893 931 1092 993 possidet
1113 945 1294 992 aequora
1314 930 1498 979 Minos:

405 991 510 1040 Nec
531 995 662 1041 tellus
684 1001 864 1050 nostrae,
887 1011 973 1042 nec
994 1003 1117 1058 patet
1139 997 1256 1043 unda
1274 995 1415 1059 fugae.

341 1056 507 1105 Restat
525 1059 611 1105 iter
632 1061 772 1107 coelo:
813 1061 930 1107 coelo
952 1061 1222 1107 tentabimus
1242 1062 1322 1107 ire.

405 1121 487 1170 Da
506 1125 682 1171 veniam
706 1132 871 1187 coepto,
894 1124 1072 1188 Jupiter
1093 1126 1195 1181 alte,
1218 1141 1337 1173 meo.

338 1185 452 1235 Non
473 1203 561 1250 ego
584 1189 773 1236 sidereas
796 1189 972 1237 adfecto
994 1197 1180 1252 tangere
1201 1191 1343 1237 sedes.

406 1251 513 1307 Qua
529 1253 702 1315 fugiam
725 1256 954 1301 dominum
977 1255 1113 1311 nulla,
1135 1255 1221 1301 nisi
1242 1256 1341 1311 ista,
1361 1254 1439 1302 via
1458 1254 1545 1302 est.
1598 1259 1667 1303 40

333 1314 429 1365 Per
452 1316 599 1379 Styga
620 1319 751 1366 detur
771 1321 881 1366 iter:
924 1320 1112 1382 Stygias
1134 1321 1408 1367 tranabimus
1428 1320 1588 1367 undas.

403 1381 506 1429 Sint
527 1384 636 1430 mihi
658 1391 830 1430 naturae
840 1386 950 1447 jura
971 1385 1176 1432 novanda
1197 1400 1328 1432 meae.

333 1444 578 1510 Ingenium
594 1448 711 1494 mala
726 1464 845 1510 saepe
859 1457 1059 1496 movent.
1091 1449 1208 1504 Quis
1223 1449 1426 1498 crederet
1436 1463 1666 1511 tunquam,

400 1510 561 1559 Aerias
583 1512 818 1559 hominem
832 1529 1015 1576 carpere
1035 1530 1170 1576 posse
1189 1514 1323 1561 vias?

335 1574 599 1638 Remigium
621 1577 1045 1642 volucres-disponit
1066 1581 1112 1625 in
1134 1580 1292 1626 ordine
1312 1594 1507 1643 pennas:

399 1639 467 1689 Et
487 1641 589 1689 leve
607 1658 688 1704 per
709 1643 788 1688 lini
810 1644 993 1691 vincula
1014 1645 1153 1691 nectit
1176 1660 1315 1707 opus:

335 1702 524 1767 Imaque
542 1721 645 1770 pars
668 1709 783 1756 ceris
805 1708 1096 1772 adstringitur
1115 1710 1223 1771 igne
1246 1708 1428 1757 solutis:

400 1770 666 1834 Finitusque
687 1789 819 1820 novae
831 1777 928 1837 jam
951 1774 1074 1821 labor
1096 1775 1203 1821 artis
1224 1781 1335 1822 erat.

332 1833 833 1899 Tractabat-ceramque
853 1854 965 1900 puer
985 1854 1245 1902 pennasque
1267 1838 1487 1895 renidens,

397 1900 595 1949 Nescius
616 1903 714 1949 haec
735 1904 932 1950 humeris
955 1920 1079 1950 arma
1099 1911 1251 1967 parata
1273 1905 1380 1952 suis.
1510 1947 1527 1961 ,
1593 1905 1661 1951 50

332 1963 582 2029 Cui-pater,
609 1966 714 2023 His,
738 1969 895 2029 inquit,
918 1970 1062 2030 patria
1083 1976 1154 2016 est
1174 1969 1376 2016 adeunda
1396 1968 1587 2016 earinis:

398 2030 507 2080 Hac
527 2034 656 2080 nobis
679 2032 837 2079 Minos
858 2033 1140 2097 effugiendus
1162 2050 1259 2097 ope.

331 2094 460 2143 Ae'ra·
478 2112 569 2144 non
590 2098 738 2159 potuit
760 2097 945 2156 Minos;
980 2099 1066 2146 alia
1087 2100 1237 2146 omnia
1258 2099 1433 2146 elausit.

396 2160 547 2216 Quem
567 2163 686 2217 licet,
707 2163 904 2210 inventis
926 2164 1032 2210 aeta.
1052 2177 1209 2227 rumpe
1229 2164 1356 2211 meis.

267 2253 274 2262 ι
330 2225 422 2274 Sed
442 2227 521 2274 tibi
542 2241 626 2274 nee
646 2228 777 2290 virgo
800 2227 1012 2291 Tegeam,
1036 2243 1277 2290 comesque
1297 2227 1466 2276 Bootae

393 2290 595 2355 Ensiger
617 2292 760 2340 Orion
771 2294 1091 2354 *adspiciendus
1107 2295 1205 2341 erit.

329 2355 426 2402 Me·
437 2357 595 2417 pennis
617 2365 788 2405 sectare
810 2359 952 2405 datis:
992 2373 1080 2419 ego
1101 2359 1298 2420 praevius
1319 2359 1408 2405 ibo.

394 2419 468 2468 Sit
487 2428 566 2467 tua
586 2436 692 2467 cura
715 2424 865 2483 sequi:
904 2437 980 2469 me
1001 2424 1114 2470 duce
1135 2430 1259 2470 tutus
1281 2424 1385 2470 eris·

327 2481 451 2529 Nam
474 2484 570 2530 sive
592 2487 798 2532 aetherias
819 2489 970 2533 vicino
993 2488 1088 2534 sole
1107 2503 1186 2549 per
1207 2502 1340 2534 auras

393 2545 593 2605 Ibimus;
629 2549 866 2610 impatiens
888 2553 1173 2598 cera-caloris
1195 2552 1295 2598 erit.
1590 2554 1659 2597 60

328 2609 436 2657 Sive
457 2609 647 2658 humiles
666 2615 871 2674 propiore
890 2614 1008 2662 freto
1021 2617 1289 2678 Jaetabimus
1311 2614 1430 2672 alas;

391 2671 577 2721 Mobilis
598 2678 818 2736 aequoreis
837 2693 988 2741 penna
1006 2681 1234 2728 madescet
1253 2679 1396 2741 aqui&
