1867 2942
321 134 431 206 «⁴154
668 154 990 208 1³:on11
1021 152 1319 207 msoms

334 288 479 338 Stella
497 289 577 336 tibi
598 286 790 352 oppositi
811 282 968 335 nocuit
988 289 1213 336 contraria
1233 287 1416 336 Martis.

310 392 321 399 -
398 354 533 413 Mars
554 354 678 401 abiit:
716 355 851 417 signo
873 367 996 403 nunc
1015 352 1180 401 Venus
1198 354 1304 416 apta
1321 346 1417 401 iuo-
1590 354 1670 411 50,
1853 386 1861 447 ⁴

337 417 491 466 Prosit
512 426 562 466 ut
582 419 837 473 adveniens,
861 435 917 473 en
940 420 1132 480 adspice.
1163 417 1314 466 Dives
1334 424 1514 469 amator

397 483 471 531 Te
491 485 629 545 cupit,
645 492 693 529 et
713 498 848 536 ουτω,
871 480 979 544 qhid
998 485 1077 529 tibi
1101 485 1228 537 desit,
1253 486 1396 531 habet.

252 545 267 557 ‘
334 546 426 599 Est
447 549 581 596 etiam
603 548 753 602 facies,
776 564 878 609 quae
901 563 951 594 se
970 549 1049 594 tibi
1072 557 1312 611 comparet,
1335 550 1422 596 illit

402 614 451 660 Si
473 622 520 659 te
542 629 634 660 non
656 621 821 659 emtam
844 614 997 667 vellet,
1019 615 1236 660 emendus
1257 621 1366 660 erat.

336 677 592 743 (Erubuit)
616 678 745 724 decet
766 679 865 725 alba
883 678 1064 739 quidem
1085 678 1229 739 pudor
1249 694 1351 725 orat
1392 677 1472 726 sed
1492 678 1596 733 iste,

401 743 451 789 Si
474 743 670 798 simules,
694 743 899 805 prodest:
939 757 1074 789 verus
1096 744 1255 790 obesse
1269 744 1398 790 solet.

336 805 457 857 Cum
478 809 594 855 bene
613 808 796 871 dejectis
815 807 1039 870 gremium
1062 805 1276 869 spectiris
1297 808 1465 862 ocellis,

401 873 637 928 Quantum
660 873 848 933 quisque
868 872 998 928 ferat,
1023 873 1326 934 respiciendus
1347 874 1448 919 erit.

334 936 547 986 Forsitan
568 937 825 992 immundae,
849 935 987 984 Tatio
1008 945 1242 1000 regnante,
1269 938 1453 985 Sabinae

400 1002 649 1049 Noluerint
670 1002 837 1049 habiles
855 1002 1058 1063 pluribus
1076 1017 1178 1049 esse
1198 1003 1322 1050 viris.
1596 1005 1668 1048 40

333 1066 476 1115 Nunc
499 1067 632 1114 Mars
654 1067 855 1113 externis
874 1068 1050 1114 animos
1071 1075 1253 1114 exercet
1272 1068 1321 1114 in
1344 1067 1499 1114 armis:

398 1131 468 1179 At
489 1131 650 1178 Venus
672 1131 839 1178 AEneae
860 1139 1025 1193 regnat
1045 1134 1092 1178 in
1115 1132 1225 1179 urbe
1245 1133 1328 1178 sui.

334 1194 503 1243 Ludite
521 1195 749 1244 formosiis.
784 1194 926 1244 Casta
946 1204 1029 1251 est,
1053 1212 1187 1258 quam
1211 1212 1345 1244 nemo
1366 1197 1572 1259 rogavitz

395 1260 512 1318 Aut,
532 1262 572 1308 'si
596 1262 821 1311 rusticitas
842 1274 935 1309 non
958 1268 1096 1316 vetat,
1120 1263 1216 1323 ipsa
1237 1268 1383 1324 rogat.

334 1324 441 1373 Has
461 1340 654 1387 quoque,
679 1341 790 1387 quas
808 1326 974 1372 frontis
994 1340 1132 1389 rugas
1152 1328 1199 1372 in
1221 1328 1391 1373 vertice
1409 1333 1583 1388 portas,
1635 1320 1646 1329 ’

398 1390 603 1438 Excute:
643 1391 699 1437 de
721 1391 848 1453 rugis
869 1392 1058 1438 crimina
1078 1391 1222 1438 multa
1242 1393 1414 1441 cadent.

333 1453 564 1518 Penelope
576 1458 799 1518 juvenum
821 1457 943 1502 vires
956 1458 1159 1503 tentabat
1180 1457 1227 1503 in
1248 1466 1376 1504 arcu:

400 1519 495 1575 Qui
515 1520 633 1567 latus
654 1528 877 1582 argueret,
901 1535 1094 1568 corneus
1115 1536 1247 1569 arcus
1268 1529 1379 1569 erat.

331 1583 523 1633 Labitur
540 1585 735 1645 occulte,
755 1585 962 1647 fallitque
983 1586 1181 1634 volatilis
1203 1594 1337 1635 aetas:

400 1649 469 1697 Ut
490 1651 610 1698 celer
630 1651 835 1700 admissis
854 1652 1019 1698 labitur
1031 1652 1178 1699 amnis
1198 1655 1339 1714 aquis.
1526 1664 1534 1675 ·
1593 1654 1667 1700 50

330 1715 449 1762 AEra
468 1716 615 1763 nitent
636 1731 744 1763 usuz
782 1718 925 1764 vestis
941 1717 1062 1764 bona
1081 1719 1244 1779 quaerit
1263 1718 1437 1766 haberi:
1455 1728 1460 1735 ·

397 1779 659 1829 Canescunt
679 1782 799 1845 turpi
822 1788 944 1829 tecta
964 1782 1121 1829 relicta
1141 1783 1245 1830 situ.

331 1844 514 1903 Forma,
536 1847 625 1893 nisi
647 1847 868 1902 admittas,
891 1847 1019 1894 nullo
1040 1855 1281 1895 exercente
1302 1846 1519 1895 senescitt

395 1910 499 1958 Nec
521 1912 632 1959 satis
652 1911 840 1959 effectus
861 1927 980 1959 unus
995 1918 1042 1959 et
1065 1910 1177 1959 alter
1198 1914 1375 1960 habent.

332 1973 516 2024 Certior
538 1973 565 2023 ἑ
587 1977 753 2032 multis,
778 1992 864 2024 nec
880 1985 972 2023 tam
993 1977 1218 2025 invidiosa
1236 1979 1391 2041 rapina
1409 1982 1494 2024 eet.

397 2039 542 2088 Plena
562 2042 688 2111 venjt
707 2043 832 2089 canis
853 2042 910 2089 de
930 2056 1076 2105 grege
1093 2044 1248 2105 praeda
1265 2036 1404 2105 lupini

328 2105 469 2161 Ecce,
491 2106 599 2168 quid
620 2107 706 2152 iste
722 2114 832 2154 tuus
851 2114 1020 2169 praeter
1039 2123 1161 2155 nova
1179 2109 1380 2157 carmina
1397 2113 1529 2155 vates

318 2204 323 2211 -
394 2168 588 2219 Donat?
620 2173 834 2218 amatoris
854 2173 997 2218 millia
1016 2173 1162 2220 multa
1179 2173 1326 2236 leges.

327 2233 435 2299 Ipse
459 2235 592 2283 Deus
612 2243 781 2290 vatum,
805 2235 923 2298 pana
944 2238 1196 2298 spectabilis
1217 2235 1367 2292 aurefl,

247 2336 251 2349 .
391 2299 579 2348 Tractat
598 2302 818 2348 inauratae
838 2316 1039 2349 consona
1057 2302 1137 2349 fila
1153 2303 1284 2364 lyrae.
1592 2304 1666 2349 60

329 2364 426 2420 Qui
447 2365 579 2420 dabit,
603 2366 679 2411 ille
699 2367 778 2412 tibi
800 2381 972 2428 magno
995 2368 1055 2413 sit
1076 2370 1219 2430 major
1235 2365 1464 2417 Homero.
1640 2394 1644 2399 ·

395 2426 545 2476 Crede
566 2430 705 2485 mihi;
741 2446 813 2478 res
835 2440 906 2477 est
926 2432 1176 2494 ingeniosa,
1193 2433 1322 2479 'dare-
1363 2462 1374 2469 ι

305 2491 435 2539 'Nec
456 2500 521 2546 tu,
544 2495 581 2539 si
605 2495 703 2555 quis
725 2496 810 2542 erit
832 2497 991 2557 capitis
1012 2497 1220 2543 mercede
1234 2494 1481 2550 redemtus,

392 2553 595 2619 Despice
616 2560 798 2620 gypsati
820 2561 992 2606 crimen
1016 2561 1150 2607 inane
1169 2561 1310 2622 pedis.

329 2618 435 2666 Nec
455 2627 502 2667 te
523 2614 749 2682 decipiant
764 2630 945 2670 veteres
967 2626 1253 2685 quinquatria
1273 2631 1408 2672 cere.

392 2682 526 2731 Tolle
546 2691 650 2732 tuos
670 2693 837 2744 tecm,
856 2703 1029 2751 pauper
1047 2696 1235 2742 amator,
1260 2698 1387 2736 avos.
