1867 2942
329 187 428 231 224
597 171 608 178 ”
670 184 724 232 P.
757 182 990 233 ovum
1021 177 1323 233 NAsoms

330 315 480 362 Parva
498 330 687 377 querorz
723 314 906 377 fingunt
924 316 1118 377 quidam,
1141 327 1247 377 quae
1266 320 1643 376 veranegarent,

395 380 461 427 Et
481 381 590 427 nulli
614 396 707 427 non
728 396 778 427 se
799 382 1094 427 concubuisse
1113 381 1281 427 ferunt.

331 442 537 507 Corpora
556 447 595 493 si
616 453 856 506 nequeunt,
880 460 984 507 quae
1003 451 1195 507 possunt
1213 446 1400 492 nomina
1420 451 1623 492 tractam
1638 462 1654 493 z

394 509 635 572 Famaque,
658 526 750 557 non
771 518 893 558 tacto
914 520 1114 573 corpore,
1139 512 1309 557 crimen
1328 507 1479 557 hahet.

331 574 356 622 1
380 590 512 630 nunc,
536 576 693 622 claude
710 576 845 630 fores,
868 584 1023 623 custos
1044 577 1210 628 odiose,
1224 574 1425 638 §puellam

393 640 459 687 Et
478 647 660 687 centum
682 639 804 687 duris
823 642 1026 703 postibus
1047 642 1160 688 obde
1180 655 1317 688 seras.

331 705 455 760 Quid
474 706 560 751 tuti
583 713 796 768 superest,
819 706 924 752 cuin
946 707 1143 753 nominis
1163 711 1290 752 extat
1309 705 1511 763 adulterg

393 768 461 820 Et
482 771 614 825 credi,
636 771 759 832 quod
779 785 871 817 non
893 772 1087 833 contigit
1107 786 1219 827 esse,
1242 772 1366 832 cupit
1379 770 1405 815 ἰ’

223 851 230 855 ·
327 834 430 882 Nos
452 837 586 883 etiam
608 849 742 882 veros
762 833 898 899 parce
915 835 1179 899 profitemur
1198 851 1402 883 amores:

393 899 626 960 Tectaque
648 908 754 947 sunt
776 899 916 947 solida
934 903 1131 962 mystica
1148 900 1269 949 furta
1288 900 1393 946 fide.
1557 904 1664 946 640

330 965 510 1012 Parcite
528 963 754 1028 praecipue
774 967 884 1013 vitia
903 967 1172 1028 exprobrare
1190 965 1368 1028 puellae,

395 1030 523 1077 Utile
543 1037 646 1092 quae
664 1031 821 1077 multis
840 1029 1146 1079 dissimulasse
1165 1030 1267 1077 fuit.

329 1094 434 1142 Nec
458 1111 565 1144 suus
588 1096 896 1142 Andromedae
915 1097 1041 1143 color
1061 1104 1131 1143 est
1152 1097 1352 1159 obiectus
1373 1095 1429 1141 ab
1448 1094 1544 1150 illo,

393 1159 582 1207 Mobilis
601 1161 650 1206 in
672 1161 856 1221 gemino
878 1162 952 1207 cui
972 1162 1087 1222 pede
1106 1173 1256 1223 penna
1273 1160 1376 1206 fuit.

330 1224 553 1271 Omnibus
575 1225 895 1273 Andromache
913 1226 1014 1272 visa
1033 1233 1103 1272 est
1125 1227 1362 1288 spatiosior
1383 1238 1547 1286 aequo:

395 1289 545 1345 Unus,
568 1290 646 1351 qui
666 1291 887 1337 modicam
909 1291 1093 1348 diceret,
1117 1290 1297 1338 Hector
1318 1297 1429 1338 erat.

329 1354 468 1409 Quod
496 1353 616 1401 male
641 1353 747 1411 fers,
781 1357 1031 1414 adsuesce}
1059 1356 1177 1403 feres
1205 1358 1336 1403 bene.
1388 1355 1545 1402 Multa
1571 1369 1657 1403 ve-

517 1426 661 1465 tuntas

390 1482 556 1530 Lenit:
595 1490 644 1530 at
663 1484 881 1546 incipIens
902 1486 1058 1532 omnia
1078 1487 1216 1533 sentit
1236 1499 1375 1533 amor.

325 1546 456 1595 Dum
479 1562 625 1607 novus
646 1550 693 1595 in
713 1550 845 1596 viridi
866 1551 1079 1597 coalescit
1099 1552 1271 1598 cortice
1287 1566 1450 1607 ramus,

389 1611 633 1662 Concutiat
645 1620 850 1661 tenerum
871 1616 1086 1677 qnaelibet
1105 1632 1226 1672 aura,
1250 1617 1393 1664 cadet.
1552 1617 1653 1666 650

323 1677 446 1726 Mox
466 1680 621 1726 eadem
642 1680 805 1735 ventis,
827 1682 972 1742 spatio
994 1682 1162 1736 durata,
1184 1683 1378 1737 resistet,

389 1742 629 1805 Firmaque
650 1746 880 1807 adoptivas
901 1747 1033 1792 arbor
1052 1748 1231 1793 habebit
1251 1753 1374 1809 opes'.

321 1808 501 1857 Eximit
520 1810 617 1871 ipsa
637 1810 733 1856 dies
755 1825 912 1857 omnes
935 1808 963 1857 ὲ
985 1826 1173 1872 corpore
1192 1813 1407 1858 mendas:

389 1874 615 1935 Quodque
631 1873 721 1921 fuit
740 1876 914 1931 vitium,
939 1876 1105 1922 desinit
1126 1892 1226 1923 esse
1246 1874 1390 1925 morai.

321 1937 461 1986 Ferre
483 1954 617 1987 novae
637 1955 769 1987 nares
790 1947 1022 1987 taurorum
1044 1948 1176 2004 terga
1196 1948 1406 1989 recusant
1419 1960 1433 1988 ι

384 2003 590 2051 Adsiduo
611 2005 804 2051 domitas
823 2013 1029 2068 tempore
1047 2006 1165 2053 fauit
1185 2008 1313 2054 odor.

317 2063 596 2116 Nominibus
616 2070 792 2116 mollire
809 2071 917 2118 licet
937 2072 1069 2118 mala.
1116 2071 1268 2120 Fusca
1286 2077 1488 2126 vocetur,

384 2129 577 2196 Nigrior
598 2133 783 2195 Illyrica
804 2137 877 2182 cui
896 2137 999 2198 pice
1020 2138 1207 2200 sanguis
1225 2139 1327 2184 erit.

320 2198 371 2245 si
392 2206 511 2261 paeta
530 2206 613 2254 est,
639 2198 810 2246 Veneri
832 2202 1016 2249 similis:
1058 2203 1096 2248 si
1119 2202 1250 2258 flava,
1273 2202 1520 2250 Minervae.

383 2263 455 2311 sit
474 2264 667 2325 gracilis,
690 2266 835 2312 macie
856 2282 959 2328 quae
979 2264 1099 2313 male
1120 2268 1226 2314 viva
1248 2267 1329 2315 sufi
1350 2273 1435 2314 est·
1545 2267 1648 2313 660

243 2347 252 2352 -
318 2327 412 2379 Dic
433 2330 637 2386 habilem,
668 2345 965 2393 quaecumque
985 2333 1164 2389 brevis;
1198 2348 1302 2394 quae
1324 2331 1521 2395 turgida,
1544 2332 1647 2393 ple·

509 2409 645 2440 nam:

380 2455 448 2501 Et
465 2456 604 2505 lateat
622 2460 784 2506 vitium
804 2462 1092 2522 proximitate
1109 2462 1232 2509 boni.

316 2518 422 2565 Nec
442 2528 608 2579 quotus
628 2538 773 2570 annua
794 2532 880 2581 eat,
901 2541 988 2573 nec
1008 2542 1098 2588 quo
1120 2527 1180 2572 sit
1201 2533 1308 2573 nata
1328 2526 1509 2586 require

383 2581 613 2632 Consule:
682 2601 756 2635 uae
775 2590 950 2652 rigidus
968 2606 1161 2638 munera,
1179 2589 1359 2639 Censor
1377 2591 1530 2639 habet.

317 2646 568 2708 Praecipue,
592 2651 629 2697 si
685 2666 766 2699 ore
784 2662 919 2711 caret,
942 2656 1192 2717 melioeque
1210 2663 1444 2720 peractum
1512 2703 1521 2706 ,
1618 2682 1631 2688 ·

377 2705 610 2773 Ταωριιςς
643 2721 691 2762 et
710 2716 1021 2783 albentes-jam
1041 2721 1154 2785 legit
1174 2720 1253 2769 illa
1272 2734 1451 2768 comas.
1542 2739 1556 2751 ⁴
