1867 2942
321 154 414 204 los
592 170 597 173 ·
623 139 635 145 „
664 150 720 201 P.
753 147 987 202 ov1D11
1019 147 1321 202 NASONIS

314 285 420 335 Nec
441 285 581 333 miror
599 284 809 338 sensisse,
836 283 956 332 notis
978 285 1083 330 cbm
1103 284 1271 347 prodar
1291 283 1471 347 apertis.

382 350 442 399 In
465 352 672 399 dextrum
696 364 866 405 versor,
891 350 998 395 cum
1021 350 1149 396 venit
1169 350 1259 405 ille,
1281 349 1414 397 latus.

314 412 421 465 Nec
442 417 614 479 loquor,
638 422 684 462 et
705 422 829 462 tecto
853 413 1093 460 simulatur
1111 414 1284 461 lumine
1306 430 1520 463 somnus:

383 480 656 544 Captantem
677 487 824 527 tactus
846 479 1090 543 rejicioque
1110 494 1310 526 manum.
1562 483 1673 529 200

317 545 535 610 Ingemit,
558 553 606 592 et
626 546 764 593 tacito
787 545 981 607 suspirat
1002 552 1185 606 pectore
1200 562 1214 591 z
1252 560 1419 606 meque

383 610 631 665 offensam,
654 610 861 673 quamvis
882 623 976 655 non
999 616 1236 665 mereatur,
1262 609 1413 658 habet.

317 676 415 725 Hei
435 677 559 729 mihi,
582 673 701 738 quod
721 674 905 736 gaudes,
930 680 976 720 et
999 681 1044 720 te
1054 675 1190 737 juvat
1209 675 1296 722 ista
1316 674 1566 739 voluptas!
1605 672 1610 675 ’

383 740 480 788 Hei
501 742 622 795 mihi,
645 737 766 803 quod
787 753 946 787 sensus
968 754 1068 785 sum
1090 739 1167 786 tibi
1183 738 1305 786 fassa
1323 756 1450 789 meos
1469 740 1500 789 !·

322 806 373 855 Si
393 807 502 853 mihi
524 807 680 868 lingua
700 804 850 860 fo'ret3
884 811 935 850 tu
959 801 1112 850 nostrii
1122 802 1292 866 ⁸justius
1313 803 1393 861 ira,

387 872 481 928 Qui
504 872 612 917 mihi
634 869 846 917 tendebas
868 868 991 920 retia,
1015 868 1179 930 dignus
1200 884 1312 915 eras.

321 937 499 991 Scribis,
524 944 576 983 ut
594 934 839 982 invalidum
861 934 995 980 liceat
1015 933 1093 979 tibi
1117 935 1261 981 visere
1283 950 1458 999 corpus.

389 1001 459 1050 Es
479 1001 636 1065 procul
656 998 683 1046 ὲ
704 1000 862 1046 nobis:
901 1006 950 1045 et
970 1005 1123 1059 tamen
1144 999 1249 1046 inde
1270 1015 1423 1048 noces.

321 1067 537 1120 Mirabar,
561 1081 699 1126 quare
719 1065 798 1111 tibi
822 1079 989 1111 nomen
1012 1063 1238 1111 Acontius
1260 1072 1411 1112 esset:

389 1131 528 1187 Quod
546 1129 681 1177 faciat
698 1126 839 1192 longe
860 1129 1038 1184 vulnus,
1062 1144 1252 1175 acumen
1273 1130 1423 1179 habes.
1573 1134 1678 1179 210

322 1193 462 1248 Certe
484 1211 573 1258 ego
595 1194 800 1241 convalui
822 1194 1023 1241 nondum
1047 1193 1102 1240 de
1122 1194 1308 1243 vulnere
1328 1197 1440 1254 δὼς

390 1260 461 1309 Ut
471 1260 638 1323 jaculo,
663 1259 836 1322 scriptis
851 1258 1027 1307 eminus
1048 1259 1139 1306 icta
1159 1260 1263 1306 tuis.

325 1326 454 1384 Quid
473 1334 625 1372 tamen
647 1326 734 1371 huc
755 1325 910 1371 venias
923 1324 948 1370 ἒ
981 1321 1090 1372 sane
1112 1332 1165 1372 ut
1185 1325 1437 1373 miserabile
1458 1336 1644 1390 corpus,=

391 1389 571 1454 Ingenii
593 1389 745 1438 videas
764 1390 870 1436 bina
889 1396 1062 1454 tropaea
1081 1390 1163 1437 tui.
1555 1398 1564 1407 ⁸

326 1454 620 1508 Concidimus
641 1455 807 1513 macie3
833 1455 958 1502 color
978 1463 1049 1503 est
1067 1456 1166 1503 sine
1187 1456 1430 1519 sanguine:
1457 1456 1639 1521 qualem
1737 1494 1744 1497 .

392 1519 450 1568 In
471 1536 608 1584 pomo
631 1519 774 1581 refero
796 1528 951 1568 mente
969 1520 1110 1569 fixisse
1124 1528 1219 1569 tuo.

327 1585 533 1638 candida
554 1601 637 1633 nec
661 1583 804 1633 mixto
827 1586 1061 1633 sublucent
1077 1601 1157 1633 ora
1177 1586 1351 1633 rubore.

391 1636 562 1700 Forma
575 1652 682 1700 novi
696 1651 798 1698 talis
819 1652 1055 1698 marmoris
1076 1666 1178 1699 esse
1198 1651 1326 1698 solet.

325 1717 524 1779 Argenti
546 1718 670 1764 color
690 1724 760 1764 est
779 1717 898 1763 inter
919 1717 1128 1765 convivia
1146 1716 1261 1772 talis,
1301 1736 1308 1743 “

397 1782 537 1838 Quod
556 1789 725 1830 tactum
747 1782 912 1844 gelidae
930 1781 1104 1844 frigore
1123 1781 1260 1846 Pallet
1280 1796 1427 1844 aquae.
1576 1787 1679 1832 220

330 1848 380 1897 Si
402 1864 477 1895 me
499 1863 619 1895 nunc
640 1848 807 1903 videas,
823 1848 969 1899 visam
989 1845 1115 1910 prius
1135 1854 1235 1895 esse
1256 1848 1471 1911 negabis:

395 1914 511 1961 Arte
533 1928 616 1960 nec
637 1921 719 1966 est,
744 1914 876 1968 dices,
900 1914 989 1960 ista
1007 1913 1201 1976 petenda
1220 1911 1351 1960 mea:

329 1978 636 2039 Promissique
655 1977 804 2032 fidem,
828 1994 887 2025 ne
909 1979 995 2025 sim
1017 1979 1096 2026 tibi
1108 1979 1281 2042 juncta,
1305 1978 1540 2037 remittes3

393 2043 462 2092 Et
481 2044 632 2106 cupies
652 2043 763 2090 illud
783 2058 876 2089 non
897 2044 1157 2090 meminisse
1179 2042 1347 2090 Deam.

327 2107 540 2158 Forsitan
562 2117 609 2155 et
628 2106 777 2163 facies,
790 2109 944 2170 jurem
966 2115 1018 2156 ut
1038 2109 1260 2157 contraria
1280 2123 1435 2155 rursus
1452 2124 1468 2165 ;

396 2170 605 2235 Q‘uaeque
624 2172 787 2235 legam,
811 2174 964 2220 mittes
986 2173 1125 2221 altera
1143 2174 1280 2221 verba
1300 2173 1424 2221 mibi.

327 2239 421 2288 Sed
439 2246 592 2286 tamen
614 2238 864 2301 adspiceres
883 2239 1061 2293 vellem,
1083 2247 1218 2301 prout
1236 2240 1336 2301 ipse
1354 2239 1561 2302 rogabas,

393 2303 460 2352 Et
480 2304 626 2350 diseas
648 2317 825 2365 sponsae
843 2303 1060 2366 lang-uida
1078 2304 1280 2351 membra
1300 2311 1407 2351 tuse.

329 2364 508 2417 Durius·
528 2376 576 2415 et
595 2367 715 2414 ferro
738 2365 840 2415 cum
864 2369 924 2416 sit
945 2369 1023 2415 tibi
1043 2376 1216 2433 pectus,
1241 2367 1447 2427 Aconti3

393 2430 473 2480 Tu
490 2434 669 2479 neniam
691 2435 856 2481 nostris
876 2434 1062 2481 vocib‘us
1083 2435 1178 2495 ipse
1197 2441 1341 2497 petas.
1579 2438 1685 2481 230

330 2496 411 2546 Ne
430 2504 580 2547 tamen
602 2499 798 2559 ignores,
821 2506 907 2561 ope
927 2497 1018 2560 qua
1039 2499 1315 2546 revalescere
1334 2498 1506 2562 possim
1526 2517 1539 2546 ε

394 2560 629 2616 Quaeritm
648 2559 677 2608 ὲ
696 2562 892 2625 Delphis
910 2563 1007 2610 fata
1026 2571 1217 2612 canente
1239 2562 1363 2611 Deo.
1576 2595 1581 2601 ·

326 2623 380 2674 Is
401 2636 581 2687 quoque
600 2628 754 2681 nescio
773 2642 924 2687 quam,
947 2644 1070 2676 nune
1089 2635 1142 2675 ut
1161 2643 1284 2692 vaga
1300 2629 1424 2678 fama
1439 2636 1661 2686 susurrat,

390 2689 662 2754 Neglectsm
682 2693 882 2753 queritur
901 2694 1030 2741 testis
1049 2694 1213 2742 babere
1231 2693 1394 2745 fldem..
