1867 2942
331 175 393 221 is
670 169 728 226 νᾳ
757 168 990 225 ovmn
1022 161 1333 229 NAsom's‘

329 301 375 352 0
396 304 570 353 utinam
592 306 799 355 nocitura
819 308 912 362 tibi,
933 308 1234 370 pulcherrime
1253 325 1417 367 rerum,

395 367 455 416 In
476 371 625 419 medio
646 373 750 419 nisu
770 374 948 420 viscera
969 381 1102 437 rupta
1120 375 1297 424 forent!

327 432 355 480 1
378 448 514 492 nunc,
537 437 602 483 sic
622 438 770 484 meriti
791 438 960 484 lectum
983 455 1188 487 reverere
1423 475 1441 499 ,

396 500 545 554 Quem
564 501 699 564 fugit,
716 509 764 549 et
781 502 915 550 factis
937 505 1112 552 abdicat
1130 506 1209 554 ille
1229 507 1337 554 suis.

327 564 446 621 Nec,
469 567 579 627 quia
593 568 804 630 privigno
824 570 980 616 videar
1000 571 1175 619 coitura
1196 586 1405 626 noverca,
1441 628 1448 633 Α

391 628 659 680 Terruerint
678 634 853 681 animos
876 636 1061 682 nomina
1077 651 1195 683 vana
1216 643 1342 684 tuos.·
1568 637 1668 702 139

327 694 426 743 Ista
445 703 578 744 vetus
597 698 753 760 pietas,
777 715 878 746 aevo
900 701 1120 749 moritura
1136 701 1306 757 futuro,

392 760 586 810 Rustica
607 763 804 812 Saturno
826 779 970 827 regna
990 772 1191 822 tenente,
1212 766 1319 814 fuit.

323 825 508 890 Jupiter
527 843 630 876 esse
649 830 773 892 pium
796 832 969 885 statuit,
990 832 1308 893 quodcumque
1326 833 1543 897 ‚iuvas-etz

391 891 460 940 Et
478 892 549 941 fas
571 910 708 942 omne
726 896 836 943 facit
854 895 995 944 fratre
1014 898 1178 945 marita
1196 913 1340 946 soror.

284 990 289 1005 .
325 955 417 1006 Illa
437 960 533 1007 coit
550 958 685 1007 firma
704 964 887 1023 generis
899 963 1118 1024 junctura
1137 961 1314 1019 entend,

393 1022 619 1088 Imposuit
638 1027 783 1074 nodos
804 1028 878 1073 cui
901 1026 1065 1075 Venus
1085 1029 1101 1075 i
1213 1043 1338 1077 suos.

325 1088 432 1145 Nee
453 1090 579 1137 labor
599 1099 700 1148 est3
734 1093 882 1139 celare
900 1092 1023 1140 licet.
1133 1105 1207 1140 ete
1226 1108 1395 1142 munus
1415 1094 1472 1143 ab
1490 1091 1584 1145 im·

392 1152 608 1217 Cognato
628 1159 796 1218 poterit
816 1157 1003 1204 nomine
1022 1158 1155 1219 culpa
1173 1159 1284 1220 tegi.

324 1218 508 1268 Viderit
527 1221 760 1283 amplexos
780 1222 974 1283 aliqum
1008 1222 1289 1273 laudabimur
1308 1224 1457 1274 ambo-

388 1284 537 1333 Dicar
556 1287 769 1350 privigno
788 1287 879 1334 fida
899 1302 1098 1336 noverca
1117 1304 1234 1337 meo.
1565 1291 1666 1349 149

323 1349 438 1398 Non
459 1352 539 1399 tibi
560 1367 642 1414 per
661 1353 870 1399 tenebras
891 1353 1069 1400 dabitur
1089 1355 1330 1404 reseranda
1348 1354 1500 1404 mariti

386 1415 421 1465 J
423 1432 554 1472 anua,
576 1432 669 1464 non
691 1424 846 1464 custos
866 1418 1155 1480 decipiendus
1175 1421 1276 1467 erit.

325 1480 565 1530 Ut‘tenuit
585 1481 748 1529 domus
769 1497 863 1545 una
881 1483 1011 1538 duos,
1032 1485 1193 1533 domus
1217 1500 1308 1533 una
1328 1484 1518 1533 tenebit.

387 1546 559 1595 Oscula
579 1553 737 1609 aperta
755 1547 904 1603 dabas,
927 1550 1084 1599 oscula
1103 1558 1260 1613 aperta
1279 1551 1419 1600 dabis.

320 1610 474 1660 Tutus
495 1613 585 1659 eris
605 1627 798 1668 mecum,
822 1614 1092 1676 laudemque
1107 1617 1337 1665 merebere
1359 1612 1525 1680 culp23

386 1676 463 1725 Tu
483 1674 594 1725 licet
614 1679 663 1725 in
684 1678 805 1725 lecto
828 1681 1111 1742 conspiciare
1131 1696 1251 1730 meo.

320 1740 457 1791 Tolle
475 1758 628 1791 moras
649 1741 840 1800 tantum,
862 1753 1194 1808 properataque
1207 1747 1383 1795 foedera
1393 1747 1561 1811 junge.

388 1808 487 1865 Qui
509 1810 621 1856 mihi
644 1825 766 1856 nunc
788 1812 934 1866 saevit,
960 1812 1025 1858 sic
1047 1813 1126 1859 tibi
1146 1820 1304 1875 parcat
1324 1812 1487 1859 Amor.

318 1871 436 1921 Non
458 1890 548 1937 ego
570 1875 793 1938 dedignor
812 1878 1007 1939 supplex
1026 1878 1299 1939 humilisque
1318 1877 1508 1939 precari.

386 1939 523 1989 Heu!
554 1941 628 1988 ubi
651 1956 774 1988 nunc
792 1942 952 1997 fastus,
967 1943 1147 2003 altaque
1168 1944 1319 1999 verba,
1334 1941 1522 2005 Jacent?
1564 1943 1662 1990 150

319 2004 388 2053 Et
408 2021 614 2068 pugnare
636 2007 727 2062 diu,
750 2022 835 2054 nec
857 2023 932 2054 me
955 2008 1219 2055 submittere
1241 2008 1389 2070 culpae

386 2069 529 2120 Oerta
546 2071 635 2119 fui:
675 2073 788 2119 certi
809 2074 848 2119 si
869 2073 982 2134 quid
1003 2075 1189 2120 haberet
1210 2073 1377 2120 Amor.

317 2134 460 2184 Victa
480 2151 653 2198 precor,
675 2138 957 2198 genibusque
980 2139 1070 2184 tuis
1091 2138 1262 2199 regalia
1281 2138 1421 2185 tendo

385 2199 597 2249 Brachia.
667 2202 792 2256 Quid
813 2203 986 2257 deceat,
1016 2217 1112 2249 non
1133 2203 1259 2250 videt
1280 2202 1399 2250 ullus
1421 2214 1595 2250 amans.

317 2264 399 2315 De
431 2268 572 2321 uduit‚
594 2267 907 2329 profugusque
927 2268 1072 2330 pudor
1094 2282 1177 2314 sua
1199 2269 1334 2330 signa
1354 2268 1583 2330 relinquit·

385 2282 468 2379 ὗε
486 2334 667 2379 veniam
688 2331 838 2386 fassae,
862 2333 1064 2393 duraque
1085 2333 1223 2381 corda
1244 2334 1393 2381 doma.
1621 2380 1638 2399 „-

320 2393 431 2453 Qua
452 2398 576 2451 mihi,
590 2394 712 2457 qudd
732 2397 926 2458 genitor,
944 2399 1022 2458 qui
1033 2398 1237 2459 possidet
1252 2413 1451 2460 aequora,
1468 2397 1661 2446 Minoe?

368 2457 526 2516 'Quod
546 2463 735 2508 veniant
755 2464 912 2522 proavi
929 2462 1124 2510 fulmina
1145 2470 1267 2512 torta
1286 2478 1426 2511 manu
1438 2462 1463 2508 i·

319 2523 460 2581 Quod
482 2527 541 2572 sit
561 2539 687 2580 avus,
712 2526 851 2573 radiis
865 2527 1067 2574 frontem
1089 2527 1283 2576 vallatus
1304 2529 1464 2583 acutis,

386 2589 624 2651 Purpureo
644 2590 848 2650 tepidum
869 2594 948 2653 qui
970 2602 1128 2640 movet
1148 2608 1236 2641 axe
1256 2595 1377 2641 diem
1389 2592 1413 2637 P
1561 2597 1657 2643 160

318 2655 548 2705 Nobilitas
569 2655 652 2701 sub
673 2654 850 2702 Amore
862 2658 1007 2718 jacet.
1072 2657 1301 2705 Miserere
1319 2654 1553 2719 priorum:

379 2719 771 2779 Eumihisinon
794 2721 1393 2788 vispucerqpareemeis.

1549 1672 1583 1711 ..0
