1867 2942
356 132 451 178 192
484 87 490 102 ¹
706 128 763 177 P.
797 126 1033 177 ovumw
1061 127 1359 178 NAsoms

355 255 493 306 Ibunt
513 257 619 306 ante
639 259 789 315 duces,
812 261 984 307 onerati
1000 260 1120 320 ‚colla
1139 261 1337 317 cateni23

419 323 497 371 Ne
518 325 690 386 possint
710 326 809 380 tuti,
831 323 921 385 qua
940 322 1076 386 prius,
1099 340 1199 371 esse
1214 323 1342 387 fugfi.

355 388 628 451 Spectabunt
647 389 742 436 laeti
755 391 962 451 juvenes,
984 390 1229 450 mixtaeque
1249 390 1436 450 puellae:

416 451 742 516 Diffimdetque
757 455 930 501 animos
948 454 1154 501 omnibus
1174 455 1262 501 ista
1281 455 1390 501 dies.

353 516 511 577 Atque
530 519 676 580 aliqua
695 535 753 565 ex
775 520 861 565 illis
882 517 986 565 cum
1009 518 1194 580 Regum
1217 520 1400 565 nomina
1416 530 1615 579 quaeret,

418 582 539 638 Quae
557 584 670 637 loca,
692 584 768 644 qui
788 591 980 639 montes,
1002 584 1164 643 qu‘aeve
1180 583 1382 631 ferantur
1402 598 1570 644 aquae3
1595 589 1692 631 220

344 646 519 695 Omnia
539 649 783 709 respondet
823 664 907 695 nec
925 646 1104 695 tantum
1126 649 1162 695 si
1184 662 1275 708 qua
1293 649 1471 711 rogabit
1482 666 1499 707 ;
1558 703 1569 716 ,

418 711 485 760 Et
504 728 606 773 quae
628 714 850 769 nescieris,
873 720 926 759 ut
945 715 1059 759 bene
1080 720 1188 760 nota
1208 712 1347 759 refer.v

291 831 298 842 ἐ
353 775 450 823 Hic
472 785 541 824 est
562 777 827 839 Euphrates,
849 778 1118 839 praecinctus
1137 777 1353 836 arundine
1371 776 1604 825 frontem:
1692 815 1699 820 .

418 838 507 890 Cui
528 858 659 889 coma
677 843 897 908 dependet
909 842 1089 897 caerula,
1111 842 1268 902 Tigris
1288 842 1390 889 erit.

353 904 462 954 Hos
480 906 618 955 facito
639 908 906 954 Armenios:
935 908 1035 954 haec
1054 914 1126 954 est
1146 905 1356 954 Danaeia
1376 905 1535 954 Persis
1548 925 1564 954 ε

420 971 544 1019 Urbs
564 973 611 1018 in
634 973 941 1019 Achaerneniis
954 972 1141 1021 vallibus
1157 973 1241 1019 ista
1259 971 1358 1018 fuit.

351 1033 451 1091 me,
475 1036 551 1091 vel
569 1037 657 1092 ille,
679 1038 830 1083 duces.
885 1037 953 1084 Et
973 1044 1117 1091 erunt,
1142 1052 1246 1097 quae
1266 1037 1452 1083 nomina
1473 1038 1630 1086 dicut
1690 1078 1701 1084 -

419 1101 469 1150 Si
490 1102 667 1163 poteris,
691 1100 824 1149 vere:
854 1104 891 1148 si
913 1099 1076 1156 mimlS,
1099 1109 1203 1164 apta
1221 1109 1386 1148 tamen.

353 1163 485 1212 Dant
506 1167 640 1214 etiam
660 1168 818 1228 positis
838 1168 1007 1214 aditum
1029 1167 1238 1214 convivia
1257 1167 1451 1213 mensis:

419 1229 508 1277 Est
530 1232 706 1292 aliquid,
728 1240 891 1291 praeter
911 1233 1029 1287 vina,
1052 1232 1174 1292 quod
1195 1231 1301 1278 inde
1317 1239 1460 1293 petas.
1592 1236 1690 1279 230

355 1293 487 1357 Saepe
507 1295 597 1341 illic
618 1298 750 1358 positi
772 1298 939 1343 teneris
960 1296 1151 1344 adducta
1169 1297 1346 1343 lacertis

418 1358 678 1421 Purpureus
700 1360 870 1408 Bacchi
891 1377 1061 1408 cornua
1075 1362 1240 1423 pressit
1261 1361 1424 1408 Amor.

352 1423 565 1485 Vinaque
585 1422 687 1473 cum
708 1426 879 1474 bibulas
901 1442 1102 1489 sparsere
1125 1424 1360 1489 Cupidinis
1381 1427 1491 1482 alas,

420 1487 674 1545 Permanet,
698 1498 745 1537 et
766 1500 896 1552 capto
918 1500 1008 1538 stat
1027 1492 1180 1554 gravis
1200 1491 1276 1537 ille
1295 1491 1412 1539 loco·

353 1551 440 1600 Ille
460 1554 638 1614 quidem
658 1571 829 1616 pennas
849 1557 1063 1603 velociter
1083 1556 1257 1605 excutit
1277 1556 1417 1603 udas:

420 1617 509 1665 Sed
531 1626 680 1686 tamen
704 1626 751 1667 et
774 1622 924 1682 spargi
945 1629 1105 1683 pectus
1127 1635 1279 1682 amore
1299 1629 1446 1668 nocet.

345 1681 477 1730 -Vina
496 1692 655 1745 parant
675 1687 861 1742 animos,
883 1685 1143 1747 faciuntque
1163 1685 1384 1734 caloribus
1403 1692 1561 1748 aptosz

420 1746 543 1797 Cura
562 1748 683 1811 fugit
702 1747 845 1798 multo
868 1749 1137 1812 diluiturque
1158 1765 1299 1799 mero.

350 1812 486 1861 Tunc
509 1815 699 1864 veniunt
718 1816 835 1862 risus
852 1833 867 1872 ;
898 1821 1009 1862 tunc
1023 1815 1190 1878 pauper
1210 1830 1382 1862 cornua
1401 1815 1542 1864 sumit
1559 1834 1573 1863 x

417 1878 550 1925 Tunc
572 1879 697 1926 dolor
719 1887 766 1926 et
786 1895 922 1935 curae,
948 1896 1148 1942 rugaque
1166 1879 1329 1928 frontis
1350 1880 1456 1928 abit.
1589 1886 1692 1928 240

352 1942 488 1989 Tunc
506 1944 647 2005 aperit
666 1952 853 2001 mentes,
878 1961 980 1992 aevo
1001 1945 1226 1993 rarissima
1245 1951 1413 2002 nostro,

419 2007 717 2071 Simplicitas;
740 2018 858 2057 artes
878 2010 1133 2058 excutiente
1154 2008 1278 2057 Deo.
1448 2055 1453 2058 .

350 2071 452 2119 Illic
473 2088 595 2135 saepe
615 2075 788 2120 animos
799 2076 1022 2136 juvenum
1044 2088 1230 2136 rapuere
1247 2074 1410 2137 puellae
1423 2093 1437 2122 ε

415 2137 481 2184 Et
504 2136 667 2184 Venus
687 2139 734 2184 in
756 2140 888 2194 vinis,
910 2140 1032 2201 ignis
1055 2139 1103 2185 in
1124 2139 1232 2201 igne
1250 2138 1353 2187 fuit.

353 2201 449 2249 Hic
472 2209 521 2249 tu
541 2201 689 2251 fallaci
712 2202 899 2251 nimium
923 2219 981 2250 ne
1002 2204 1136 2251 crede
1154 2204 1366 2251 lucernae.

415 2265 596 2315 Judicio
616 2266 778 2316 formae
800 2284 982 2329 noxque
1001 2283 1264 2336 merumque
1285 2275 1467 2317 nocent.

351 2331 482 2379 Luce
504 2333 609 2380 deas
630 2332 837 2394 coeloque
858 2332 988 2381 Paris
1010 2334 1228 2395 spectavit
1248 2340 1433 2396 aperto;

418 2393 539 2443 cnm
562 2397 674 2443 dixit
697 2397 879 2453 Veneri,
904 2398 1066 2445 Vincis
1087 2406 1336 2459 utramque,
1354 2396 1537 2447 venus.

350 2458 505 2506 Nocte
525 2461 667 2508 latent
688 2463 877 2519 mendae,
901 2464 1103 2523 vitioque
1122 2463 1375 2524 ignoscitur
1396 2465 1552 2512 omni:

419 2521 637 2584 Horaque
656 2525 902 2574 formosam
922 2527 1166 2588 quamlibet
1185 2526 1262 2575 illa
1279 2525 1404 2574 facit.
1595 2532 1695 2577 250

351 2584 552 2635 Consule
572 2588 629 2635 de
648 2591 852 2650 gemmis,
875 2591 931 2637 de
951 2589 1092 2639 tincffi
1111 2590 1282 2638 murice
1300 2591 1435 2652 land}

417 2647 620 2699 Consule
635 2652 691 2699 de
709 2652 823 2721 facie
845 2656 1189 2718 corporibusque
1200 2655 1337 2706 diem.
