1867 2942
553 132 876 184 amorum
907 132 1014 183 Lm
1037 91 1106 182 11.
1129 138 1206 183 ιε.
1441 141 1537 189 15⁷

636 392 898 443 ELEGIA
935 393 1137 445 XVIII.

147 549 157 560 ·
225 522 452 575 Osann
472 523 530 572 ad
549 523 711 571 iratum
730 524 837 571 dum
858 531 909 571 tu
928 526 1136 587 perducis
1158 525 1385 583 Achillen,

209 603 218 612 ’
294 587 534 650 Primaque
543 588 710 650 ‘juratis
729 590 877 636 induis
898 606 1023 638 arma
1043 592 1182 648 vitiu
1330 614 1341 620 -

161 669 164 678 ⁴
222 651 346 709 Nos,
370 654 544 708 Macer,
567 654 746 715 ignavae
755 653 961 702 ‘Veneris
983 670 1209 702 cessamus
1228 656 1277 701 in
1298 654 1481 705 umbrfiz

291 717 359 766 Et
379 725 506 766 tener
526 733 710 765 ausuros
729 720 916 781 grandia
934 719 976 765 fr
1070 722 1104 767 ’t
1125 719 1286 768 Amor.

226 783 265 831 S
384 798 512 836 meae,
536 781 753 839 Tandem,
777 783 883 838 dixi,
905 782 999 830 disc
1056 797 1095 839 e,
1115 784 1300 848 puellm:

321 863 353 896 n
373 848 547 911 gremio
570 848 683 894 sedit
701 848 905 911 protinus
926 849 1002 894 illa
1021 864 1138 896 meo.

229 912 265 962 S
401 911 560 966 Pudet,
584 913 689 958 dixi.
724 910 946 958 Lacrimis
965 913 1044 959 vix
1065 913 1142 961 illa
1161 913 1360 969 retentis,

354 993 380 1024 e
399 976 630 1026 miseram!
659 978 757 1038 jam
780 983 839 1030 te,
861 976 988 1032 dixit,
1011 992 1162 1025 amare
1180 978 1350 1039 pudet?

332 1042 544 1102 licuitque
566 1056 671 1087 suos
692 1040 859 1087 circum
881 1056 983 1087 mea
1004 1042 1119 1088 colla
1138 1042 1354 1090 lacertosz
1533 1100 1537 1104 .

340 1114 377 1162 t,
395 1122 497 1167 quae
518 1120 593 1151 me
611 1105 815 1166 perdunt,
838 1106 993 1152 oscula
1012 1105 1134 1153 mille
1154 1107 1287 1154 dedit.
1430 1142 1432 1144 »
1483 1112 1544 1155 10

228 1170 431 1228 'Vincor;
463 1178 512 1217 et
531 1171 764 1233 ingenim
786 1169 945 1217 sumtis
967 1179 1203 1218 revocatur
1222 1173 1278 1219 ab
1299 1173 1457 1221 armis:

294 1235 480 1299 Resque
500 1235 620 1281 domi
641 1243 810 1297 gestas,
832 1242 879 1281 et
898 1251 1001 1282 mea
1020 1237 1146 1292 bella,
1169 1252 1296 1285 cano.

231 1299 424 1363 Sceptra
442 1308 592 1347 tamen
614 1300 754 1348 sumsi
765 1317 783 1357 ;
816 1298 1009 1362 curaque
1030 1300 1274 1363 Tragoedia
1295 1298 1451 1348 nostri
1526 1321 1531 1330 ·

169 1407 174 1411 .
297 1364 480 1415 Crevitz
518 1373 566 1413 et
586 1365 690 1412 huic
711 1366 835 1427 operi
856 1365 1097 1427 quamlibet
1117 1374 1246 1428 aptus
1268 1381 1406 1413 eram.

227 1428 354 1478 Risit
368 1430 526 1486 Amor,
547 1430 796 1492 pallamque
815 1446 976 1486 meam,
998 1431 1231 1493 pictosque
1253 1432 1515 1488 cothurnos,

213 1515 218 1522 ,
298 1495 570 1558 Sceptraque
587 1494 759 1558 privata
774 1502 865 1543 tam
885 1496 1001 1543 bene
1021 1504 1169 1542 sumta
1188 1511 1341 1543 manu.

229 1558 361 1608 Hinc
380 1575 555 1622 quoque
569 1576 645 1607 me
665 1562 859 1608 dominae
880 1575 1048 1607 numen
1069 1561 1253 1608 deduxit
1273 1562 1463 1623 inique:

294 1621 459 1686 Deque
480 1626 746 1671 cothurnato
759 1631 871 1671 *vate
890 1625 1133 1687 triumphat
1155 1626 1315 1673 Amor.

228 1687 370 1745 Quod
388 1690 507 1741 lieet,
529 1696 608 1742 aut
628 1689 767 1734 Artes
787 1690 929 1735 teneri
950 1689 1212 1751 profitemur
1231 1690 1442 1738 Amor-isa

294 1753 416 1819 (Hei
436 1752 571 1800 mihi!
607 1753 844 1813 praeceptis
866 1768 1031 1815 urgeor
1050 1754 1146 1815 ipse
1165 1752 1318 1814 meis.)
1478 1758 1545 1805 20

227 1819 341 1874 Aut,
364 1817 486 1879 quod
508 1814 758 1878 Penelopes
779 1818 925 1863 verbis
948 1817 1156 1864 reddatur
1178 1817 1323 1874 Ulixi,

294 1882 565 1932 Scribimus:
604 1888 681 1928 aut
700 1881 921 1936 lacrimas,
946 1881 1098 1943 Phylli
1119 1883 1282 1938 relicta,
1305 1889 1409 1930 tuas

230 1948 371 2003 Quod
385 1946 528 2000 Paris,
543 1952 590 1992 et
606 1945 861 2000 Macareus,
877 1952 925 1993 et
938 1948 1058 2008 quod
1073 1943 1189 1993 male
1202 1955 1359 2008 gratus
1373 1945 1527 2004 Isson,

297 2010 625 2075 Hippolytique
645 2025 819 2073 parens,
843 2007 1208 2073 Hippolytusque
1225 2012 1403 2074 leganta

224 2077 453 2139 Quodque
471 2083 631 2124 tenens
651 2077 856 2134 strictum
878 2074 1006 2125 Dido
1024 2076 1284 2124 miserabilis
1304 2091 1458 2125 ensem
1528 2089 1538 2110 ··

295 2139 450 2197 Dicat,
474 2149 521 2188 et
542 2140 714 2189 AEoliae‘
735 2141 898 2189 Lesbis
918 2143 1060 2189 amica
1080 2142 1208 2204 lyrae.

229 2204 382 2263 Quam
403 2207 521 2256 celer
543 2203 570 2254 ὲ
590 2214 689 2255 toto
712 2208 842 2254 rediit
862 2223 991 2254 meus
1013 2208 1118 2254 orbe
1140 2207 1344 2262 Sabinus,

296 2270 560 2334 Scriptaque
580 2273 767 2320 diversis
788 2272 943 2320 retulit
962 2273 1037 2319 ille
1058 2273 1169 2319 locis
1190 2270 1201 2319 !

231 2334 435 2388 candida
455 2335 684 2399 Penelope
704 2338 885 2400 signum
906 2337 1124 2400 cognovit
1147 2334 1325 2385 Ulixis:

295 2400 435 2465 Legit
454 2402 509 2448 ab
531 2400 786 2465 Hippolyto
807 2403 973 2465 scripta
992 2416 1188 2448 noverca
1207 2415 1307 2448 suo.
1479 2404 1549 2448 30

228 2464 338 2518 Jam
355 2467 459 2529 pius
478 2464 653 2516 AEneas
673 2468 851 2515 miserae
871 2466 1099 2527 rescripsit
1117 2465 1307 2513 Elissaez
1512 2479 1517 2488 ²

292 2531 518 2593 Quodque
538 2531 662 2594 legat
683 2530 871 2593 Phyllis,
895 2531 934 2578 si
955 2528 1091 2578 modd
1110 2530 1238 2585 vivit,
1259 2530 1409 2579 habet.
1460 2545 1464 2550 ·

231 2589 396 2644 Tristis
415 2597 473 2645 nd
493 2594 787 2659 Hypsipylen
809 2597 864 2643 ab
885 2593 1051 2644 libone
1068 2595 1200 2643 litera
1217 2596 1346 2643 venit
1357 2613 1375 2645 ι

292 2658 390 2708 Det
410 2670 561 2712 votam
586 2660 765 2726 Phoebo
781 2659 947 2730 Ite-bis
965 2667 1115 2712 mm

228 2738 328 2774 VOL-
350 2740 384 2775 1.
1066 2743 1096 2776 P
