1867 2942
575 160 890 212 AMORUM
919 160 1027 211 Lu.
1049 160 1119 211 11.
1143 165 1218 211 15.
1479 170 1568 215 151

252 292 480 354 Pergama
499 292 605 340 com
627 294 852 347 caderent,
869 292 988 339 bello
1010 299 1218 354 superata
1235 292 1441 355 biluatri3

319 357 397 404 Ex
417 364 499 413 tot,
522 358 569 403 in
589 356 751 408 Atrida
760 373 864 419 pars
885 365 1023 419 quota
1043 358 1186 404 laudis
1208 365 1305 405 erat
1319 358 1343 404 ἓ
1508 363 1571 407 10

250 421 326 470 At
342 438 445 469 mea
464 423 658 484 seposita
680 429 762 476 eat,
786 430 833 469 et
854 424 909 469 ab
930 423 1054 469 omni
1075 422 1219 469 milite
1242 423 1410 472 dissors

319 487 503 534 Gloria:
543 503 627 533 nec
650 487 830 534 titulum
852 488 1053 534 muneris
1068 488 1181 533 alter
1203 489 1350 535 habet.

252 550 344 599 Me
357 552 470 599 duce
490 552 548 598 ad
568 553 682 599 hanc
700 552 795 598 voti
809 550 960 604 finem,
983 567 1058 598 me
1077 552 1220 598 milite
1239 554 1345 600 veni
1360 570 1381 611 ς

281 629 287 634 ’
319 614 426 677 Ipse
447 632 600 677 eques,
620 618 716 679 ipse
736 616 886 678 pedes,
911 615 1098 679 signifer
1120 618 1215 678 ipse
1235 616 1316 665 fui.

252 679 362 728 Nec
383 696 537 727 casum
557 681 740 728 fortuna
759 682 871 728 meis
891 682 1136 728 immiscuit
1156 683 1283 730 actis.

320 743 431 791 Huc
454 747 571 800 ades,
596 743 624 792 ὂ
641 743 749 793 curii
767 754 895 808 parte
915 745 1166 807 Triumphe
1187 744 1303 793 mea.

250 809 359 858 Nec
378 811 481 858 belli
504 826 623 858 nova
643 826 803 858 caussa
822 811 925 857 mei.
962 809 1065 856 Nisi
1088 817 1213 872 rapta
1232 809 1392 858 fuisset

317 873 557 936 Tyndaris,
581 876 782 937 Europae
803 890 892 936 pax
914 875 1132 934 Aaiaeque
1151 872 1283 922 foret.

252 938 445 988 Femina
466 941 695 988 silvestres
718 940 948 1001 Lapithas,
963 939 1266 1002 populumque
1283 940 1575 988 bimembrem

318 1003 533 1066 Turpiter
553 1006 756 1067 adposito
778 1006 914 1051 vertit
934 1005 982 1050 in
1005 1019 1132 1050 arma
1151 1018 1292 1051 mero.
1354 1044 1359 1049 .
1509 1010 1576 1054 20

254 1068 446 1118 Femina
467 1069 690 1133 Trojanoa
710 1071 872 1117 iterum
893 1069 991 1116 fera
1009 1068 1125 1115 bella
1145 1084 1329 1117 movere

322 1133 510 1196 Impulit
529 1136 576 1181 in
600 1150 760 1197 regno,
763 1135 891 1196 juste
908 1132 1087 1187 Latine,
1112 1140 1204 1181 tuo.

255 1197 446 1247 Femina
469 1199 702 1254 Romanis,
720 1200 854 1246 etiam
876 1213 1002 1245 nunc
1029 1196 1155 1245 Urbe
1176 1199 1359 1255 recenti,

322 1262 519 1310 Immisit
539 1280 733 1319 soceros,
757 1278 970 1323 armaque
993 1277 1116 1309 saeva
1137 1263 1274 1310 dedit.
1382 1323 1385 1326 Ι

253 1326 365 1375 Vidi
387 1345 475 1391 ego
495 1346 577 1391 pro
600 1328 733 1377 nivea
750 1335 1008 1391 pugnantes
1029 1329 1225 1389 conjuge
1240 1334 1416 1376 tauron:

322 1393 574 1455 Spectatrix
595 1394 772 1441 animos
791 1394 889 1456 ipsa
900 1394 1102 1455 juvenca
1121 1393 1264 1440 dabat.

257 1455 345 1505 Me
365 1474 543 1521 quoque
562 1474 664 1506 cum
681 1460 849 1513 multia,
871 1458 952 1504 sed
970 1465 1047 1504 me
1067 1458 1167 1505 aine
1187 1457 1325 1515 caede,
1349 1454 1533 1521 Cupido
1574 1473 1577 1476 ¹

317 1522 353 1572 J
354 1524 465 1571 ussit
485 1525 658 1573 militioe
672 1525 807 1588 signa
824 1538 1011 1571 movere
1024 1537 1135 1571 ωε.

691 1712 959 1765 ELEGIA
993 1715 1142 1764 XIII.

257 1840 390 1893 Dmc
409 1841 650 1891 labefactat
670 1858 785 1890 onus
808 1844 985 1906 gravidi
1005 1845 1242 1893 temeraria
1261 1846 1451 1903 ventris,

321 1907 381 1956 In
404 1909 537 1955 dubio
559 1910 668 1957 vitae
687 1908 807 1957 lassa
828 1906 1034 1958 Corinna
1043 1911 1181 1971 jacet.

257 1972 348 2022 Illa
397 1974 561 2029 uidem,
583 1974 700 2022 clam
720 1989 797 2022 me
817 1980 993 2021 tantum
1016 1975 1173 2021 molita
1193 1974 1361 2036 pericli,

323 1989 402 2086 It}
422 2039 561 2102 digna
579 2038 703 2087 meat
739 2039 821 2087 aed
843 2040 962 2087 eadit
982 2040 1049 2086 ira
1069 2047 1206 2086 metu.

259 2103 524 2152 Sedtamen
545 2109 624 2153 aut
643 2119 799 2152 exme
820 2110 1116 2167 oonceperat3
1150 2110 1229 2151 aut
1249 2118 1340 2165 ego
1360 2103 1509 2152 credo.
1578 2123 1585 2130 ·

322 2167 412 2216 Eat
433 2171 541 2217 mihi
562 2186 645 2234 pro
665 2169 787 2217 facto
810 2185 949 2232 saepe,
972 2169 1094 2230 quod
1114 2185 1213 2216 esse
1234 2175 1397 2230 potest.

255 2231 339 2289 Isi,
364 2232 683 2290 Paraetonium,
705 2236 988 2298 genialiaque
1012 2250 1119 2281 arva
1143 2233 1319 2295 Canopi
1570 2249 1576 2254 ·

325 2297 446 2353 Quae
468 2301 592 2355 colis,
613 2309 661 2348 et
682 2300 937 2364 Memphin,
959 2299 1324 2362 palmiferamque
1346 2297 1541 2354 Pharon,

235 2361 455 2423 ‘Quaque
476 2365 595 2412 celer
616 2365 765 2418 Nilus,
788 2366 880 2412 lato
902 2367 1098 2428 dilapsus
1114 2365 1169 2411 ab
1190 2364 1333 2420 alveo,

326 2425 419 2475 Per
440 2438 611 2491 septem
631 2436 788 2492 portua
808 2431 854 2475 in
876 2431 1014 2477 maris
1035 2430 1129 2476 exit
1149 2444 1312 2490 aquas3
1514 2430 1575 2490 10

261 2489 354 2540 Per
374 2498 456 2540 tua
476 2495 610 2542 sistra
629 2510 799 2556 precor,
823 2509 903 2556 per
927 2494 1150 2542 Anubidis
1171 2509 1250 2542 ora
1269 2492 1455 2542 verendi
1467 2510 1483 2543 z
1568 2499 1575 2506 '

324 2556 402 2605 Sic
421 2564 503 2606 tua
521 2575 648 2607 sacra
666 2560 767 2621 pius
788 2574 966 2621 semper
986 2558 1133 2607 Osiris
1152 2569 1289 2620 amet,

259 2619 315 2670 P‘
431 2638 491 2672 ue
508 2625 682 2673 labatur
701 2624 820 2674 circa
839 2625 1025 2674 donaria
1043 2640 1239 2689 serpens,

371 2694 393 2735 t
410 2691 631 2741 comessa
651 2705 863 2756 pompam
884 2692 1094 2757 corniger
1114 2690 1232 2756 Apis
1247 2696 1349 2744 eata
