1867 2942
664 83 862 148 NUX,
869 83 1156 155 ELEGIA.
1482 91 1579 139 29&

193 272 200 277 ,
241 214 428 283 Pertica
444 216 520 267 dat
533 216 677 280 plenia
699 217 891 266 immitia
908 218 1100 267 vulnera
1121 218 1290 276 ramis3

308 274 389 330 Ne
411 284 581 346 possim
601 283 800 344 lapidum
821 284 1010 331 verbera
1031 285 1129 331 sola
1148 285 1288 345 queri.
1515 286 1582 333 70

239 339 394 396 Poma
406 349 583 402 cadunt,
606 349 776 395 mensis
797 364 889 395 non
909 349 1149 397 interdicta
1179 348 1419 409 secundis3

310 413 377 460 Et
400 413 557 460 condis
577 414 731 469 lectas,
754 429 892 476 parca
907 414 1081 469 colona,
1103 429 1257 461 nuces.

243 477 353 524 Has
373 494 485 540 puer
500 485 579 525 aut
599 486 749 526 rectus
766 486 890 525 certo
913 479 1145 527 dilaminat
1168 479 1286 538 ictu,

309 543 409 589 Aut
429 559 599 606 pronus
620 545 763 606 digito
784 544 912 591 bisve
933 545 1132 592 semelve
1149 545 1278 605 petit.

242 607 510 671 Quattuor
496 624 544 655 ιιι
567 610 768 663 nucibus,
791 624 884 656 non
906 610 1110 672 amplius,
1133 609 1231 656 alea
1251 615 1349 658 tota
1368 615 1467 657 est·
1451 641 1470 667 ,

310 664 435 722 Cum
453 675 535 720 sibi
559 675 798 736 suppositis
814 675 992 721 additur
1012 689 1103 721 una
1122 675 1277 721 tribus.

242 737 339 787 Per
358 739 523 787 tabulae
546 739 712 786 clivum
734 739 823 786 labi
834 740 968 801 jubet
989 740 1130 786 alter·
1114 772 1131 797 ,
1166 746 1214 786 et
1235 744 1376 801 optat,

308 798 491 867 Tangat
515 812 566 851 ut
588 800 614 850 ὲ
637 805 792 851 multis
806 805 1051 865 quamlibet
1072 818 1163 851 una
1178 819 1322 851 suam.

237 867 333 917 Est
354 870 505 924 etiam,
528 885 610 930 par
626 870 687 916 sit
708 884 923 917 numerus
939 871 1016 930 qui
1031 870 1164 925 dieat,
1186 884 1245 916 an
1265 869 1434 934 impar.

308 932 381 980 Ut
400 928 623 982 divinatas
643 933 816 982 auferat
836 950 984 998 augur
1003 950 1129 997 opes·
1514 937 1580 981 80

240 998 323 1048 Fit
344 1014 523 1067 quoque
546 1000 603 1047 de
623 998 760 1055 creta,
782 1001 963 1061 qualem
984 1001 1169 1048 coeleste
1189 998 1383 1062 figuram

308 1060 456 1120 Sidus,
480 1072 527 1111 et
546 1066 595 1111 in
619 1065 799 1114 Graecis
812 1065 944 1113 litera
963 1073 1121 1127 quarta
1140 1065 1274 1128 gerit.

239 1126 366 1176 Haee
389 1129 463 1176 ubi
486 1131 697 1177 distincta
710 1136 782 1177 est
802 1130 1039 1193 gradibus3
1072 1131 1150 1193 qui
1168 1129 1372 1177 constitit
1392 1129 1532 1186 intus,

308 1193 438 1251 Quot
452 1187 604 1258 tetigit
624 1196 792 1258 virgas,
815 1202 887 1242 tot
906 1196 1022 1258 rapit
1042 1195 1147 1243 inde
1159 1210 1315 1243 nuces.

239 1257 342 1307 Vas
346 1274 543 1323 quoque
564 1275 687 1322 saepe
708 1275 885 1316 cavum,
908 1262 1052 1323 spatio
1075 1261 1285 1316 distante,
1307 1259 1509 1319 locatur,

306 1316 365 1372 In
386 1326 509 1386 quod
529 1325 669 1376 missa
688 1326 780 1373 levi
802 1341 900 1373 nux
918 1327 1051 1373 eadat
1070 1341 1162 1372 una
1181 1339 1334 1372 manu.

239 1340 417 1446 Feliit,q
409 1397 585 1439 secreto
606 1406 711 1453 quae
732 1399 840 1440 nata
858 1398 930 1439 est
950 1392 1113 1439 arbor
1101 1407 1150 1438 ιιι
1172 1406 1315 1448 arvo3

304 1453 377 1503 Et
396 1456 479 1501 soli
502 1457 686 1510 domino
708 1456 827 1504 ferre
847 1458 1017 1504 tributa
1034 1455 1219 1519 potest!

238 1518 353 1567 Non
374 1521 610 1568 hominum
611 1523 845 1601 strepitus
867 1523 1005 1577 audit,
1027 1537 1120 1569 non
1141 1521 1221 1568 illa
1239 1527 1462 1568 rotarum.

301 1583 416 1635 Non
437 1583 466 1632 a
486 1583 637 1632 vicina
654 1587 970 1647 pulverulenta
987 1583 1062 1633 via
1082 1594 1166 1633 est.
1513 1587 1579 1634 90

237 1647 329 1698 Illa
348 1665 446 1704 suo,
469 1664 770 1711 quaecumque
791 1651 908 1706 tulit,
932 1651 1038 1698 dare
1053 1650 1172 1697 dona
1193 1650 1371 1706 colono,

245 1712 252 1717 ’
304 1712 373 1763 Et
394 1714 555 1778 plenos
575 1714 751 1761 fructus
770 1717 1066 1763 adnumerare
1083 1722 1249 1779 potest.

238 1779 310 1828 At
324 1780 433 1827 mihi
456 1786 660 1828 maturos
677 1796 925 1841 numquam
940 1780 1047 1828 licet
1067 1780 1200 1827 edere
1218 1779 1386 1839 foetu83

304 1845 432 1894 Ante
454 1846 664 1907 diemque
684 1861 801 1894 meae
818 1846 1105 1893 decutiuntur
1127 1860 1251 1907 opes.

240 1909 434 1959 Lamina
448 1911 598 1959 monis
613 1912 758 1959 adhuc
775 1919 931 1959 tenero
946 1910 1052 1958 dum
1066 1911 1196 1965 lacte,
1205 1911 1329 1972 quod
1343 1905 1462 1958 intro
1478 1917 1574 1959 ent·
1556 1944 1576 1970 ‚

304 1975 410 2025 Nec
431 1977 551 2024 mala
573 1984 679 2024 sunt
700 1977 781 2025 ulli
802 1983 960 2024 nostra
978 1975 1133 2022 futura
1151 1975 1297 2023 bono:

238 2039 345 2092 Jam
367 2048 521 2089 tamen
541 2042 756 2098 invenias,
773 2044 857 2107 qui
879 2057 954 2088 me
965 2041 1238 2104 jaculentur,
1261 2048 1309 2088 et
1322 2040 1415 2088 ictu

306 2105 626 2155 Praefestinato
646 2123 813 2155 munus
832 2107 969 2155 inane
988 2113 1159 2170 petant.

243 2171 294 2222 si
312 2171 392 2219 fiat
413 2174 541 2236 rapti,
564 2172 644 2220 fiat
663 2188 879 2221 mensura
898 2172 1057 2228 relicti,

304 2236 543 2303 Majorem
556 2239 728 2286 domini
748 2246 888 2302 parte,
910 2240 1072 2293 viator,
1097 2237 1250 2284 habes.
1481 2237 1579 2283 1oe

245 2302 376 2364 Saepe
397 2298 569 2365 aliquis,
591 2304 712 2352 foliis
735 2312 785 2351 ut
808 2304 929 2351 nuda
949 2303 1185 2350 cacumina
1205 2301 1333 2357 vidit,

305 2366 427 2417 Esse
447 2374 578 2433 putat
599 2367 764 2416 Boreae
786 2369 915 2415 triste
935 2366 1126 2416 furentis
1148 2382 1275 2431 opus.

247 2431 454 2481 AEstibus
475 2433 564 2489 hic,
586 2435 660 2480 hie
681 2449 757 2480 me
779 2434 1014 2496 spoliatam
1034 2433 1207 2495 frigore
1228 2430 1395 2480 credit·

306 2497 398 2546 Est
418 2512 610 2559 quoque,
633 2500 711 2560 qui
732 2499 904 2546 crimen
922 2499 1156 2560 grandinis
1177 2513 1277 2544 esse
1294 2502 1440 2560 putet.

245 2563 310 2612 At
330 2563 442 2610 mihi
463 2578 550 2611 nec
571 2565 757 2627 grando,
782 2563 938 2610 duris
924 2563 1074 2611 invisa
1093 2561 1279 2619 colonis,

278 2626 358 2678 N
359 2644 413 2679 ec
432 2635 598 2679 ventus
618 2624 790 2691 fraudi,
801 2628 945 2690 solve,
965 2628 1136 2709 geluve
1153 2625 1256 2675 fuit.
