1867 2942
587 175 1101 235 nALmu'rreons
1249 156 1257 162 ’
1412 184 1513 234 m

173 308 249 362 Ut
270 313 419 377 pavidi
441 311 658 377 Lepores,
683 322 734 362 ut
752 313 882 362 fulvo
902 322 1087 377 tergore
1108 313 1290 371 Damas,

171 378 244 428 Et
263 386 398 429 cauto
415 378 599 443 fugiens
622 379 800 429 Cervus
821 380 919 428 sine
939 379 1030 427 fine
1051 381 1227 428 timore.

171 443 309 557 gpsa
329 446 456 507 sequi
475 452 636 493 natura
656 445 802 500 docet,
817 445 894 491 vel
915 446 1122 492 cominus
1142 444 1247 510 ire]

230 512 274 558 ic
294 525 544 573 generosus
563 512 723 566 honos,
745 516 792 556 et
812 508 959 570 gloria
978 512 1124 573 major
1143 510 1413 572 Eqwrumz

169 575 300 624 Nam
322 576 502 638 capiunt
522 574 683 622 animis
703 572 913 636 palmam,
934 575 1226 637 gaudentque
1247 576 1489 638 triumphe.

172 641 270 689 Seu
291 648 464 704 septem
483 639 639 704 spatiis
661 637 798 687 Circo
817 653 1025 686 meruere
1045 655 1294 699 coronam3

171 705 349 754 Nonne
367 704 508 761 vides,
531 705 677 752 victor
698 700 869 765 quanto
890 701 1125 752 sublimius
1146 706 1288 755 altum

169 770 372 819 Attollnt
391 778 539 833 caput,
561 775 610 816 et
629 769 758 832 vulgi
780 783 831 817 se
850 769 1053 816 venditet
1074 769 1233 818 aurae?
1418 808 1423 811 ,
1441 772 1508 817 70

171 834 371 885 Celsave
390 832 496 883 cum
517 849 638 882 caeso
660 835 897 881 decoratur
918 841 1052 897 terga
1069 834 1214 891 leone,

171 898 329 957 Quam
350 900 563 958 tumidus,
584 907 841 962 quantoque
860 900 989 947 venit
1010 900 1262 963 spectabilis
1280 906 1400 956 actia,

170 969 204 1005 *-
218 963 580 1028 Compescatque
597 965 746 1013 solum
768 980 994 1027 generoso
1014 966 1193 1012 concita
1212 967 1345 1028 pulsu

170 1030 369 1094 Ungula
388 1031 472 1078 sub
494 1031 647 1094 spoliis
665 1031 868 1094 graviter
887 1030 1115 1077 redeuntis
1137 1031 1298 1093 opimis
1311 1030 1336 1077 ⁸?

53 1150 64 1157 ,
169 1096 303 1151 Quid
315 1097 415 1144 laus
430 1097 575 1159 prima
586 1094 766 1146 Canum
776 1095 801 1141 ἲ
833 1096 994 1157 quibus
1007 1103 1079 1142 est
1093 1096 1502 1173 audacia-praeoep&

167 1161 472 1224 venandique
494 1176 637 1224 sagax
657 1162 817 1216 virtus,
845 1160 1055 1223 vii-esque
1075 1162 1304 1222 sequendi·

169 1226 299 1282 Quae
319 1242 441 1274 nunc
462 1228 591 1275 elatis
612 1228 832 1274 rimantur
853 1227 1035 1273 naribus
1056 1241 1200 1282 auras,

166 1291 243 1340 Et
263 1306 387 1340 nunc
405 1292 601 1340 demisso
622 1298 833 1354 quaerunt
852 1291 1050 1353 vestigia
1069 1297 1248 1350 tosti-03

166 1355 242 1406 Et
261 1357 457 1419 produnt
476 1358 674 1406 clamore
692 1355 847 1413 feram,
872 1357 1196 1418 dominumque
1214 1356 1420 1407 vocando

164 1420 464 1485 Increpitant.
520 1422 674 1478 Quem
697 1423 736 1469 si
757 1422 931 1470 collatis
952 1419 1113 1484 effiagit
1134 1422 1285 1479 armis,
1439 1424 1508 1468 80

166 1486 435 1550 Insequitur
455 1490 745 1550 tumulusque
764 1488 888 1536 canis
910 1502 1182 1550 camposque
1201 1502 1283 1551 per
1302 1501 1478 1536 ornnes.

164 1552 349 1602 Noster
368 1554 416 1600 in
438 1561 535 1600 arte
553 1554 680 1601 labor
699 1554 896 1616 positus:
937 1567 1041 1614 spes
1062 1554 1210 1601 omnis
1230 1555 1279 1600 in
1298 1552 1392 1602 ina.

166 1617 278 1667 Nec
299 1624 452 1665 tamen
474 1619 521 1664 in
542 1618 713 1665 medias
732 1618 883 1680 pelagi
903 1624 953 1663 te
971 1632 1162 1680 pergere
1182 1619 1314 1667 sedes

163 1682 475 1737 Admoneam,
496 1683 703 1743 vastique
722 1683 859 1728 maris
881 1688 1056 1728 tentare
1074 1682 1361 1743 profundum.

165 1747 306 1797 Inter
324 1755 567 1808 utrumque
585 1746 675 1793 loci
694 1743 856 1793 melius
873 1745 1167 1794 moderabere
1185 1746 1358 1795 funem.

372 1828 484 1860 num
507 1812 629 1860 saxis
647 1811 750 1860 loca
770 1811 876 1860 sint.
930 1808 1057 1858 Nam
1078 1811 1187 1859 talia
1203 1811 1354 1861 lentos

165 1875 447 1942 Deposcunt
466 1878 690 1926 calamos:
724 1883 773 1924 at
792 1891 956 1940 purum
977 1876 1093 1923 retia
1110 1877 1234 1924 litus.

166 1943 303 1993 Num
324 1960 459 1991 mons
477 1940 713 1991 horrentes
734 1943 943 1990 demittat
963 1942 1122 1990 celsior
1143 1942 1324 1991 umbras

165 2007 231 2058 In
252 2025 393 2057 mare.
447 2007 571 2056 Nam
592 2004 719 2056 varie
741 2008 922 2070 quidam
943 2007 1218 2070 fugiuntque
1243 2013 1508 2070 petuntque.

166 2073 301 2137 Num
323 2075 439 2125 vada
457 2074 659 2122 subnatis
680 2073 772 2121 imo
792 2073 1044 2121 viridentur
1068 2073 1127 2120 ab
1147 2071 1309 2121 herbis.
1441 2077 1508 2122 m

790 2139 817 2168 s
855 2142 886 2172 ιιι
1508 2136 1517 2145 ·

166 2202 472 2267 Objectetque
491 2221 655 2263 moras,
679 2212 727 2253 et
746 2204 873 2252 molli
895 2203 1064 2252 serviat
1083 2203 1219 2267 slgae.

167 2268 430 2332 Descripsit
450 2272 579 2319 sedes
598 2269 725 2320 varie
740 2270 920 2318 Natura
938 2269 1176 2333 profundi:

169 2331 279 2382 Nec
299 2343 489 2384 cunctos
509 2335 601 2384 una
621 2337 765 2384 voluit
785 2336 1036 2384 consistere
1055 2336 1216 2398 pisces.

167 2398 297 2448 Nam
316 2401 520 2462 gaudent
538 2402 716 2464 pelago,
739 2401 894 2462 quales
917 2401 1225 2464 Scombrique,
1248 2396 1508 2462 Romaque,

169 2463 374 2529 Hippuri
396 2466 578 2522 celeres,
613 2473 661 2513 et
682 2466 816 2528 nigro
835 2474 1021 2529 tergore
1043 2465 1215 2524 Milvi;

167 2529 240 2579 At
258 2532 484 2594 pretiosus
507 2530 700 2594 Helops
723 2533 891 2580 nostris
911 2532 1173 2596 incognitus
1194 2530 1361 2589 undis3

166 2595 247 2644 Ac
266 2596 404 2645 durus
427 2596 633 2662 xiphias,
654 2598 865 2646 ictu.non
884 2598 1039 2646 mitior
1058 2597 1210 2645 ensis:

167 2659 240 2710 Et
259 2663 409 2725 pavidi
430 2678 601 2728 magno
620 2661 851 2727 fugientes
981 2663 1056 2711 ine
1076 2661 1292 2720 Thunni:
1418 2714 1425 2719 ,

170 2724 323 2775 Parva
330 2726 560 2780 Echen'eis
571 2731 699 2779 adest
709 2730 894 2796 (mirum
930 2745 1060 2779 mora
1072 2729 1295 2794 puppibus
1314 2727 1479 2793 ingens
1491 2744 1502 2771 :

230 2806 337 2842 vox..
359 2805 410 2844 ι·
1043 2799 1076 2843 2
1093 2810 1123 2843 s
