1867 2942
253 157 273 174 ,
349 115 443 164 170
681 111 740 161 ι».
769 108 1002 159 ovum
1035 109 1332 162 NASONIS

346 241 433 291 Ilia
453 241 528 290 cui
547 242 725 305 placuit,
746 243 953 302 quamvis
972 247 1068 289 erat
1087 241 1279 290 hori-ida
1284 240 1423 298 cultui,
1834 175 1838 314 i

413 305 586 370 Ungue
607 314 762 353 notata
773 322 945 360 comas,
969 322 1121 367 ungue
1143 313 1298 353 notata
1317 321 1474 367 genas.
1836 335 1839 394 1

347 370 447 426 Illa,
469 387 658 434 gemens
677 371 912 433 patruique
932 370 1072 425 nefas,
1095 371 1343 432 delictaque
1364 371 1548 427 Mai-tis,

413 436 606 486 Errabat
627 433 745 483 nudo
766 452 847 497 per
866 435 969 482 loca
988 436 1084 482 sola
1103 435 1229 497 pede.
1609 440 1676 485 50

349 500 488 550 Hanc
509 502 654 548 amnis
674 501 836 562 rapidis
855 501 1084 547 animosus
1104 500 1218 546 vidit
1237 501 1292 547 ab
1313 500 1474 558 undis3

412 565 658 625 Raucaque
677 566 736 612 de
754 565 913 611 mediis
934 566 1115 612 sustulit
1135 579 1216 611 ora
1233 566 1386 611 vadis:

348 629 504 691 Atque
523 631 599 684 ita,
625 629 752 684 Quid
771 637 961 685 nostras,
984 630 1143 691 inquit,
1165 630 1273 675 teris
1295 630 1429 677 anxia
1446 631 1586 692 ripas,

413 692 511 751 Ilia,
535 695 591 742 ab
612 693 738 741 Idaeo
761 694 1073 742 Laomedonte
1092 694 1271 756 genus?
1366 732 1373 740 .

350 756 460 816 Qua
481 760 628 807 cultus
649 760 796 806 abiere
816 759 919 806 tui?
951 760 1058 820 quid
1080 759 1175 806 sola
1185 759 1371 820 ,vagaris
1385 759 1410 803 'i‘

415 823 545 873 Vitta
565 840 648 872 nec
670 825 870 872 evinctas
891 825 1078 886 impedit
1096 824 1195 870 alba
1216 839 1369 870 comas
1382 823 1407 869 Ρ

349 889 473 945 Quid
494 888 661 946 fles,‘et
679 889 881 942 madidos
894 889 1089 936 lacrimis
1109 889 1359 950 corrumpis
1378 888 1583 938 ocellos?

417 953 696 1015 Pectoraque
717 951 875 1001 insana
894 954 1073 1015 plangis
1095 960 1246 1015 aperta
1265 953 1437 1008 manu?

347 1017 439 1066 Ine
458 1019 590 1066 habet
610 1026 656 1065 et
677 1019 836 1074 silices,
859 1025 906 1065 et
925 1019 1081 1065 vivum
1101 1019 1149 1065 in
1169 1024 1354 1079 pectore
1372 1017 1557 1074 fei-nnn,

414 1083 508 1139 Qui
530 1089 684 1131 tenero
704 1084 908 1130 lacrimas
927 1083 1110 1130 lentus
1098 1098 1147 1129 in
1167 1098 1245 1130 ore
1264 1083 1403 1129 videi.
1608 1089 1674 1132 60

349 1146 449 1202 Ilia,
470 1164 587 1210 ponc
607 1155 784 1204 metus;
816 1148 895 1194 tibi
915 1148 1041 1210 regia
1061 1154 1215 1194 nostra
1232 1147 1428 1209 patebit·
1576 1163 1587 1170 ·

413 1211 571 1274 Teque
592 1212 743 1260 colent
763 1227 950 1259 amnes.
991 1210 1089 1267 Ilia,
1109 1226 1229 1274 pone
1248 1217 1412 1259 metus.

349 1276 425 1325 Tu
447 1285 641 1334 centum,
664 1285 743 1325 aut
760 1277 923 1339 plures,
947 1278 1064 1325 inter
1085 1277 1367 1324 dominabere
1389 1276 1633 1340 Nymplm
1646 1295 1663 1326 ι

414 1339 538 1389 Nam
560 1348 755 1396 centum,
778 1349 856 1389 aut
875 1342 1029 1404 plures
1046 1340 1236 1389 flumina
1255 1348 1413 1389 nostra
1422 1350 1603 1396 ,testent-

350 1406 430 1455 Ne
449 1423 524 1454 me
546 1411 717 1468 sperne,
738 1422 909 1468 precor,
931 1404 1122 1462 tannim,
1144 1405 1346 1470 Trojana
1363 1423 1594 1471 propago·

413 1472 612 1518 Munera
631 1471 862 1533 promissis
882 1472 1088 1519 uberiora
1107 1471 1242 1520 feres.

349 1535 561 1586 Dixerat.
603 1534 703 1591 Illa,
725 1537 881 1584 oculos
900 1537 949 1583 in
973 1538 1159 1583 humum
1180 1537 1354 1599 dejecta
1372 1536 1618 1594 modestos,

414 1601 661 1663 Spargebat
680 1602 853 1664 tepidos
873 1601 1034 1649 flebilis
1054 1602 1195 1649 imbre
1214 1602 1354 1649 sinus.

349 1664 444 1714 Ter
463 1667 620 1713 molita
638 1665 809 1728 fugam,
831 1673 901 1713 ter
922 1666 981 1715 ad
1001 1667 1115 1714 altas
1134 1667 1301 1714 restitit
1320 1667 1478 1724 undas,

416 1730 637 1780 Currendi
658 1732 778 1782 vires
798 1732 1011 1794 eripiente
1031 1739 1170 1780 metu.
1613 1735 1679 1781 70

352 1795 465 1845 Sera
483 1801 636 1843 tamen
657 1797 865 1844 scindens
884 1797 1067 1845 inimico
1087 1796 1251 1859 pollice
1270 1795 1454 1853 crinem,

415 1860 573 1908 Edidit
589 1860 801 1925 indignos
821 1878 902 1909 ore
921 1868 1143 1910 tremente
1164 1876 1334 1914 iioiios:¹

350 1925 396 1974 Ο
418 1927 589 1976 utinam
608 1941 712 1974 mea
730 1927 848 1974 lecta
865 1926 1030 1982 forent,
1049 1927 1286 1989 patrioque
1306 1926 1511 1990 sepulcro

417 1988 626 2046 Condita,
648 1991 756 2040 dum
773 1998 986 2054 poterant
1004 1992 1196 2054 virginis
1214 2007 1320 2039 ossa
1338 1991 1462 2055 legi!

349 2052 448 2105 Cur
467 2052 601 2103 modii
623 2054 824 2105 Vestalis
842 2057 989 2104 toedas
1004 2058 1172 2105 invitor
1192 2057 1250 2104 ad
1269 2056 1384 2104 ullas

412 2118 592 2183 Turpis,
615 2128 662 2167 et
682 2119 835 2169 Iliacis
854 2120 1092 2169 inficianda
1108 2120 1257 2169 focis?

353 2184 481 2241 Quid
500 2184 685 2232 moror?
717 2202 775 2233 en
796 2187 951 2248 digitis
971 2186 1184 2250 designor
1203 2186 1405 2235 adultera
1423 2186 1569 2250 vulgi.

414 2248 552 2298 Desit
570 2249 769 2307 famosis,
791 2252 867 2313 qui
889 2258 1018 2299 notet
1040 2267 1131 2308 ora,
1152 2251 1314 2314 puden

353 2311 622 2372 Hactenus3
656 2323 704 2364 et
723 2324 896 2365 vestem
915 2318 1101 2364 tumidis
1117 2315 1359 2380 pretendit
1378 2316 1561 2366 ocellis:

415 2376 1500 2455 Atqueitaseinrapidasperditamisitaquas.
1609 2385 1679 2431 80
1753 2409 1767 2422 ·

352 2441 649 2567 Suffiosuisse
668 2460 829 2494 manus
849 2447 906 2494 ad
924 2454 1111 2509 pectora
1126 2447 1324 2494 lubricus
1343 2447 1490 2495 amnis

663 2517 713 2556 et
731 2513 842 2558 socii
853 2513 965 2574 juni
976 2512 1156 2560 dedisse
1174 2512 1280 2560 tori.

239 2556 246 2564 ’
349 2527 1516 2639 Tequoquecredibthentnliquaenluiiiepndh·

417 2632 1510 2705 &moriannae-:iniunctam
