1867 2942
243 157 250 164 ·
342 145 438 193 ιεο
671 146 729 195 P.
760 125 993 197 ovum
1023 145 1325 210 NAsoms

243 249 255 264 .
341 272 509 325 Tutius
529 283 600 325 est
618 275 789 325 fovisse
808 282 959 323 torum
975 294 991 334 ;
1022 278 1192 339 legisse
1210 277 1383 326 h’bellos
1398 295 1418 336 ς

404 341 661 390 Threiciam
684 342 836 405 digitis
857 344 1132 404 increpuisse
1150 343 1311 404 lyram.

341 405 422 463 At,
446 408 486 454 si
506 415 623 454 vana
640 406 793 454 ferunt
813 407 1021 454 v‘olucres
1040 422 1144 454 mea
1162 407 1282 454 dicta
1299 409 1530 470 procelle,

402 471 558 533 AEqua
577 478 728 519 tamen
749 472 885 534 puppi
907 473 968 517 sit
983 472 1175 520 Galatea
1195 480 1303 519 ωε.
1362 523 1369 524 7

293 585 298 590 ,
339 534 556 585 Vestrum
581 538 750 583 crimen
773 538 856 583 erit
878 536 983 583 talis
994 538 1172 598 jactura
1190 536 1367 598 puellm⁴

296 641 300 646 .
403 601 716 660 Nereidesque
732 600 865 656 Deae,
889 600 1230 662 Nereidumque
1248 599 1387 663 pater.

336 664 470 714 Vade
485 682 659 713 memor
680 668 836 721 nostri,
858 672 999 712 vento
1021 666 1215 712 reditura
1234 666 1431 714 secundo
1445 684 1460 715 ε

402 730 597 793 Impleat
617 732 694 778 ille
713 738 818 778 tuos
832 730 994 777 fortior
1013 745 1121 777 aura
1142 731 1281 777 sinus.
1394 759 1402 765 -

335 795 458 845 Tum
480 796 671 843 marein
693 796 793 842 haec
814 809 1010 856 magnus
1028 795 1250 856 proclinet
1261 795 1395 843 litora
1413 794 1625 846 Nereust

401 860 513 908 Huc
535 861 658 908 venti
681 862 880 921 spirent;
914 860 1004 905 huc
1025 865 1131 920 agat
1153 866 1291 906 aestus
1306 863 1461 920 aquas.
1594 867 1662 911 40

333 924 444 990 Ipsa
465 941 611 987 roges,
637 924 832 986 Zephyri
854 925 1040 970 veniant
1055 924 1103 969 in
1124 924 1263 971 lintea
1276 925 1420 986 pleni:

404 989 511 1054 Ipsa
532 988 612 1036 tufi
630 1004 816 1036 moveas
832 989 1013 1049 turgida
1033 989 1135 1034 vela
1153 1003 1305 1036 manu.

233 1051 240 1058 ’
333 1053 518 1104 Primus
539 1070 629 1115 ego
651 1054 889 1115 adspiciam
914 1059 1067 1099 notam
1090 1053 1147 1099 de
1166 1053 1300 1100 litore
1318 1055 1502 1115 pinum3

399 1119 466 1167 Et
488 1120 645 1172 dicam,
668 1117 867 1165 Nostros
888 1118 1071 1164 advebit
1085 1117 1161 1164 illa
1179 1116 1334 1166 Deos:

337 1182 668 1246 Excipiamque
688 1183 899 1236 humeris,
921 1190 971 1229 et
991 1183 1135 1229 multa
1156 1183 1253 1229 sine
1274 1184 1432 1231 ordine
1450 1200 1635 1249 carpam

402 1248 585 1298 Oscula.
622 1246 714 1293 Pro
737 1247 882 1294 reditu
904 1247 1090 1294 victima
1105 1254 1211 1293 vota
1230 1249 1374 1295 cadet.

335 1312 486 1374 Inque
505 1314 592 1360 tori
612 1313 803 1358 formam
826 1312 987 1360 molles
1008 1319 1267 1358 sternentur
1286 1328 1466 1362 arenaet

364 1382 369 1390 '
403 1378 471 1426 Et
491 1378 693 1425 tumulus
713 1391 885 1423 mensae
907 1378 1094 1436 quilibet
1114 1376 1257 1423 instar
1276 1379 1377 1425 erit.

336 1442 439 1492 Illic
461 1443 664 1504 adposito
686 1441 882 1488 nais-abis
903 1442 1049 1488 multa
1072 1440 1234 1501 Lyaeo,
1368 1497 1374 1502 .

401 1505 530 1555 Pene
552 1507 610 1553 sit
625 1513 677 1552 ut
697 1506 856 1552 mediis
875 1507 1034 1553 obruta
1054 1507 1190 1557 navis.
1203 1508 1368 1570 aquist⁴
1589 1513 1658 1558 50

334 1572 555 1634 Dumque
568 1571 623 1619 ad
638 1585 714 1617 me
725 1585 950 1633 properas,
975 1571 1059 1618 nec'
1074 1571 1241 1630 iniquae
1254 1579 1458 1636 tempora
1473 1569 1637 1630 noctis,

400 1637 505 1685 Nec
526 1643 575 1683 te
594 1636 845 1698 praecipites
865 1636 1130 1683 extimuisse
1153 1635 1319 1684 Notos.

332 1702 502 1753 Omnia
522 1717 604 1764 pro
625 1697 746 1748 v¹eris
762 1701 954 1756 credam,
972 1702 1062 1748 sint
1077 1700 1186 1748 ficta
1200 1703 1363 1750 licebit.

401 1766 498 1818 Cur
519 1783 608 1829 ego
630 1781 723 1813 non
745 1767 865 1813 votis
882 1766 1086 1816 blandiar
1107 1767 1203 1827 ipse
1223 1766 1373 1815 meis?

334 1833 459 1883 Haec
478 1832 588 1879 mihi
611 1832 938 1894 quamprimum
961 1831 1078 1878 coelo
1100 1832 1394 1879 nitidissimus
1412 1832 1507 1880 alto

399 1897 584 1946 Lucifer
604 1896 801 1945 admisso
822 1902 1029 1959 tempora
1046 1902 1199 1960 portet
1217 1912 1349 1959 equo.

780 2090 1046 2142 ELEGIA
1078 2090 1201 2141 ΧΠ.

327 2222 417 2272 Iu:
439 2222 728 2285 triumphales
747 2223 917 2269 circum
939 2238 1042 2271 mea
1055 2231 1148 2270 tem
1209 2238 1261 2270 ra
1278 2222 1407 2271 lauri.

394 2286 627 2334 Vicimus:
665 2289 712 2334 in
737 2295 893 2334 nostro
914 2295 985 2334 est
1005 2304 1113 2335 ecce
1209 2289 1340 2336 rinna
1360 2289 1476 2337 sinu.

328 2351 481 2408 Quam
495 2352 577 2408 vir,
588 2368 721 2412 quam
735 2359 901 2404 custos,
912 2355 1193 2416 quamjanua
1203 2352 1332 2400 firma
1343 2354 1436 2418 (tot
1443 2355 1602 2404 hostes
1612 2353 1652 2417 !)

393 2415 669 2472 Servabant3
706 2433 766 2464 ne
785 2417 874 2479 qua
893 2426 1047 2480 posset
1068 2419 1123 2464 ab
1142 2427 1238 2464 arte
1253 2419 1366 2480 capi.
1642 2433 1649 2438 ·

329 2479 454 2532 Haec
476 2487 547 2526 est
566 2482 794 2542 praecipuo
814 2483 1006 2529 victoria
1026 2482 1164 2544 dig-na
1183 2482 1439 2545 triumpho:

393 2542 452 2589 In
472 2543 573 2603 quii,
596 2559 891 2607 quaecumque
912 2554 995 2600 est,
1020 2547 1241 2608 sanguine
1253 2547 1410 2608 praeda
1429 2554 1568 2597 estet

326 2606 438 2656 Non
459 2608 652 2655 humiles
672 2611 804 2666 muri,
825 2625 916 2657 non
932 2612 1084 2672 parvis
1104 2611 1268 2673 oppida
1286 2610 1423 2661 fossis

386 2668 570 2728 cineta.
593 2672 672 2719 sed
691 2679 764 2721 est
781 2674 921 2722 ductu
940 2682 1072 2739 eapte
1088 2675 1240 2738 puella
1257 2689 1377 2724 meo.
