1867 2942
336 167 400 214 88
598 172 619 209 .·
670 160 729 211 Ρ.
758 158 990 211 ovmn
1018 158 1319 211 NASONIS
1343 165 1353 211 ζ

337 296 439 343 Aut
457 290 744 356 illojugulet,
764 306 899 352 quem
922 304 1015 338 non
1034 290 1151 339 bene
1169 290 1364 347 tradidit.
1386 294 1532 352 ense}

404 358 476 407 Ut
494 355 585 419 qua
607 371 698 403 non
720 357 880 403 cecidit
899 358 971 403 vir
993 371 1116 411 nece,
1139 363 1281 418 nupta
1298 357 1484 405 eadam:

332 423 450 472 Non
470 430 634 477 tamen,
658 429 708 469 ut
729 421 879 468 dicant
898 422 1147 478 morientia,
1171 420 1389 477 Poenitet,
1408 437 1504 478 ora.

403 488 614 536 Efficiet:
653 502 746 533 non
768 501 831 540 es,
852 502 987 548 quam
1008 487 1135 548 piget
1154 502 1255 533 esse
1273 489 1410 549 piam.

337 553 569 602 Poeniteat
587 552 768 600 soeleris
790 551 1020 606 Danaum,
1044 567 1278 613 saevasque
1297 567 1491 600 sorores.

406 617 501 665 Hic
523 617 640 664 solet
658 624 848 664 eventus
866 617 988 664 facta
1007 616 1203 664 nefanda
1222 617 1363 678 sequi.

339 681 437 735 Cor
453 689 590 746 pavet
608 683 841 729 admonitu
861 689 1094 729 temeratae
1114 682 1336 744 sanguine
1356 681 1505 729 noctis
1517 700 1533 731 a

401 747 470 796 Et
491 749 662 796 subitus
683 748 854 795 dextrae
873 747 1092 809 praepedit
1112 763 1215 794 orsa
1234 753 1419 794 tremor.
1595 748 1612 757 ”

339 813 494 871 Quam
515 821 566 861 tu
589 813 712 861 caede
733 820 863 875 putes
884 811 1016 874 fungi
1037 813 1238 874 potuisse
1258 812 1422 869 mariti,

405 879 609 927 Scribere
631 877 825 926 desueti
843 893 937 926 non
960 878 1042 925 sibi
1065 877 1191 924 caede
1209 878 1354 924 timet.
1603 879 1677 925 20

338 943 431 994 Sed
450 951 602 992 tamen
616 944 842 1006 experiar.
883 939 1032 990 Mod&
1051 942 1173 989 facta
1192 943 1456 1006 crepuscula
1474 940 1662 1000 terri83'

406 1008 584 1057 Ultima
602 1025 706 1072 pars
727 1009 888 1064 noctis,
910 1009 1143 1070 primaque
1161 1008 1277 1054 lueis
1296 1014 1423 1055 eratz

334 1073 568 1124 Ducimur
587 1072 826 1120 Inachides
845 1074 1002 1135 magni
1024 1074 1107 1120 sub
1126 1079 1248 1121 tecta
1266 1071 1506 1134 Tyranni3

401 1138 471 1187 Et
491 1154 620 1186 socer
641 1147 834 1186 armatas
852 1137 1017 1201 'accipit
1037 1138 1135 1184 aede
1156 1150 1312 1185 nurus.

338 1202 556 1265 Undique
576 1202 804 1250 collucent
821 1203 1079 1265 praeeinctae
1100 1203 1329 1265 lampades
1349 1217 1475 1253 auro·

339 1286 343 1290 ·
402 1267 590 1316 Dantur
609 1269 658 1313 in
677 1267 847 1314 invitos
865 1268 1004 1330 impia
1023 1275 1125 1315 tura
1143 1268 1288 1315 focos.

335 1331 537 1396 Vulgus,
571 1331 777 1393 Hymen,
806 1331 1084 1393 Hymenaee,
1116 1339 1313 1382 vocant:
1344 1332 1468 1398 fugit
1485 1329 1565 1383 ille
1583 1338 1676 1381 vob

533 1404 702 1444 cantes.

402 1461 514 1526 Ipsa
532 1460 667 1511 Jovis
686 1462 852 1526 conjux
873 1464 1086 1518 cessit,ab
1107 1463 1217 1510 urbe
1237 1461 1333 1512 sua.

337 1527 466 1579 Ecce
486 1543 613 1575 mero
635 1527 768 1583 dubii,
791 1529 1009 1575 comitum
1034 1529 1231 1576 clamore
1249 1526 1525 1591 frequentes,

404 1591 542 1649 Flore
564 1608 684 1645 novo
706 1593 905 1645 madidas
924 1592 1198 1656 impediente
1218 1608 1386 1651 comas,
1602 1588 1679 1642 3⁶

337 1656 400 1706 In
421 1659 642 1705 thalamos
660 1658 768 1713 laeti,
780 1659 1025 1714 thalamos,
1049 1674 1133 1706 sua
1149 1661 1295 1715 busta,
1315 1659 1523 1706 feruntur
1539 1676 1558 1707 ε
1571 1684 1596 1700 «

405 1723 646 1785 Strataque
666 1725 939 1786 corporibus,
960 1724 1120 1772 funere
1140 1724 1291 1786 digna,
1310 1730 1555 1788 premuntae

337 1786 548 1851 Jamque,
573 1790 683 1845 cibo,
707 1790 904 1850 vinoque
924 1800 1102 1851 graves,
1126 1804 1389 1851 somnoque,
1400 1790 1620 1853 Jacebant
1631 1806 1653 1850 ς

404 1854 719 1915 Securumque
739 1854 980 1915 quiesalta
998 1870 1081 1916 per
1102 1854 1259 1916 Argos
1280 1861 1406 1902 erat:

342 1917 527 1970 Circum
548 1935 624 1966 me
644 1920 843 1981 gemitus
864 1921 1135 1966 morientum
1157 1919 1311 1967 audire
1326 1919 1510 1968 videbar
1526 1938 1540 1967 z

403 1985 473 2033 Et
492 1992 644 2032 tamen
665 1984 898 2041 audibam3
932 1985 1142 2046 quodque
1160 1984 1359 2041 verebar,
1381 1992 1493 2033 erat.

341 2049 540 2114 Sanguis
576 2050 666 2096 abit
682 2066 697 2106 3
743 2056 1032 2111 mentemque
1065 2051 1200 2107 calor,
1233 2065 1499 2115 corpusque,
1532 2047 1675 2098 relin-

507 2129 515 2138 ‘
531 2115 630 2174 quit
647 2131 658 2159 ε
1541 2128 1548 2133 “
1591 2125 1597 2129 ’
1645 2110 1660 2157 ‚³

403 2177 553 2241 Inque
572 2194 693 2225 novo
704 2180 829 2241 jacui
848 2178 1013 2241 frigida
1030 2178 1151 2228 facta
1169 2186 1286 2227 toro.

341 2243 421 2292 Ut
433 2245 526 2292 leni
547 2243 759 2305 Zephyro
779 2243 965 2306 fragiles
985 2245 1217 2293 vibrantur
1237 2245 1417 2303 aristae3

405 2308 593 2371 Frigida
612 2308 827 2371 populeas
844 2317 901 2355 ut
921 2311 1068 2370 quatit
1088 2326 1197 2358 aura
1218 2326 1397 2368 comas3
1595 2312 1678 2358 '40

340 2375 442 2422 Aut
463 2375 540 2429 sic,
564 2381 642 2420 aut
662 2375 799 2420 etiam
820 2375 985 2421 tremui
1007 2377 1167 2438 magis.
1211 2375 1319 2439 Ipse
1328 2374 1536 2440 jacebas:

402 2434 616 2498 Quaeque
637 2439 715 2485 tibi
737 2439 945 2487 dederam
966 2441 1085 2497 vina,
1109 2443 1285 2503 soporis
1304 2446 1447 2489 erant.

340 2501 601 2552 Excussere
621 2511 794 2551 metum
815 2505 1002 2555 violenti
1014 2508 1145 2568 jussa
1163 2507 1390 2568 parentis:
1623 2542 1624 2545 η

407 2567 610 2629 Erigor;
643 2575 691 2615 et
712 2570 839 2631 capio
861 2570 951 2617 tela
971 2578 1192 2619 tremente
1213 2586 1365 2618 manu.
1555 2566 1560 2571 ’
1585 2594 1598 2609 ·-

343 2628 458 2680 Non
479 2647 568 2694 ego
588 2632 703 2679 falsa
722 2632 909 2694 loquar:
948 2642 1020 2681 ter
1039 2644 1222 2683 acutum
1244 2635 1426 2684 sustulit
1447 2648 1621 2692 ensem,
1651 2639 1664 2677 L

386 2695 503 2745 ·Ter
522 2694 643 2745 male
661 2697 839 2746 sublato
859 2698 1018 2747 recidit
1037 2715 1149 2749 ense
1167 2714 1361 2749 manuss
1451 2744 1456 2751 .
