1867 2942
299 189 304 196 ,
378 149 475 193 220
710 143 766 196 P.
799 142 1030 194 ovmn
1062 103 1361 192 NAsoms

323 260 338 272 ⁵
379 274 504 331 Quid
522 273 722 323 facerent
734 274 757 321 ἲ
790 273 874 337 ipsi
894 275 1020 322 nullo
1040 274 1233 323 didicere
1252 275 1504 337 magistro.
1488 293 1504 303 ·

442 340 560 388 Arte
582 340 742 387 Venus
763 340 887 386 nulla
907 340 1038 387 dulce
1057 341 1232 403 peregit
1252 355 1379 402 opus.
1609 344 1709 392 480

379 404 493 453 Ales
514 406 657 461 habet,
680 406 800 466 quod
821 411 967 451 amet.
1007 420 1110 451 eum
1132 421 1222 467 quo
1245 421 1325 452 sua
1344 405 1514 467 gaudia
1522 406 1708 489 jungat,

446 468 659 517 Invenit
647 486 694 516 m
716 469 864 517 media
884 469 1052 516 femina
1071 471 1207 533 piscis
1227 485 1354 531 aqua.

380 532 530 584 Cerva
549 545 701 596 parem
723 535 957 595 sequitui-3
991 549 1174 596 serpens
1196 542 1402 597 serpente
1421 541 1640 583 tenetur:

445 598 609 646 Haeret
629 600 845 646 adulterio
867 615 972 645 cum
994 614 1105 646 cane
1125 615 1244 646 nexa
1264 600 1401 646 canis.

380 663 515 711 Laeta
536 664 691 711 salitur
712 665 839 712 ovis:
879 672 1008 711 tauro
1030 679 1206 726 quoque
1225 664 1362 711 laeta
1341 679 1547 727 Juvenea
1567 672 1673 713 est
1658 698 1673 712 .

446 729 648 776 Sustinet
669 730 948 776 immundum
973 729 1085 776 sima
1105 730 1273 791 capella
1294 745 1482 778 marem.

381 791 440 840 In
459 793 597 840 furias
620 796 846 857 agitantur
866 809 1009 856 equae,
1033 794 1262 856 spatioque
1284 799 1457 840 remota

447 858 537 905 Per
556 859 657 906 loca
678 860 880 907 dividuos
902 874 1035 906 amne
1057 867 1305 919 sequuntur
1320 873 1474 919 equos.

379 921 449 971 Er
482 941 510 970 ο
532 939 646 986 age3
681 931 728 971 et
749 926 875 971 iratae
894 923 1192 972 medicamina
1210 923 1344 970 fortia
1362 923 1536 985 praebe:

474 988 542 1036 lla·
553 989 635 1035 feri
659 989 854 1049 requiem
879 988 977 1035 sola
997 988 1162 1035 doloris
1184 988 1361 1035 babent.
1422 1019 1427 1022 -
1612 992 1708 1037 490

379 1051 468 1100 Illa
491 1053 788 1100 Machaonios
809 1059 1020 1115 superant
1042 1053 1336 1099 medicamina
1356 1067 1545 1099 succos.

447 1116 551 1173 His,
577 1118 650 1163 ubi
671 1116 883 1179 peccaris,
908 1117 1209 1164 restituendus
1231 1118 1333 1162 eris.
1472 1159 1477 1162 .

383 1181 503 1230 Haec
525 1198 612 1245 ego
635 1180 738 1228 cum
761 1197 980 1235 canerem,
1004 1179 1150 1230 subito
1171 1181 1434 1229 manifestus
1454 1180 1633 1244 Apollo

447 1247 603 1300 Movit.
621 1247 838 1294 inauratae
857 1245 1020 1308 pollice
1039 1244 1115 1291 fila
1134 1246 1263 1306 lyrae.

379 1310 437 1360 In
460 1312 662 1358 manibus
681 1312 860 1358 laurus:
900 1310 1041 1357 sacris
1057 1311 1241 1357 inducta
1261 1312 1431 1373 capillis

446 1375 632 1423 Laurus
645 1383 768 1422 erat·
759 1411 769 1422 .
807 1382 935 1423 vates
956 1375 1032 1422 ille
1052 1375 1279 1428 videndus,
1293 1376 1403 1438 agit.

379 1440 431 1490 Is
453 1441 576 1494 mihi,
600 1439 795 1496 Lascivi‚
819 1440 946 1495 dixit,
966 1448 1217 1503 praeceptor
1237 1440 1437 1497 Amoris,

444 1504 568 1560 Duc,
591 1521 700 1567 age„
713 1504 955 1567 discipulos
974 1506 1030 1552 ad
1051 1521 1152 1553 mea
1172 1507 1339 1569 templa
1357 1512 1475 1554 tuos.

379 1570 470 1620 Est
491 1569 550 1617 ibi
572 1571 797 1620 diversum
816 1568 938 1622 fama
959 1571 1179 1623 celebrata
1196 1573 1283 1634 pei·¹
1298 1572 1449 1622 orbem

445 1636 624 1694 Litera3
659 1637 872 1699 cognosci
895 1651 999 1696 quae
1023 1636 1105 1683 sibi
1126 1652 1347 1698 quemque
1357 1638 1504 1699 Jubet.
1609 1641 1710 1687 500

382 1701 477 1757 Qui
500 1702 580 1749 sibi
602 1714 739 1752 notus
758 1702 854 1755 erit,
878 1702 1007 1748 solus
1024 1702 1245 1764 sapienter
1265 1702 1457 1760 amabit;
1618 1733 1621 1736 ι

375 1789 378 1792 -
446 1767 599 1828 Atque
620 1782 732 1829 opus
752 1767 810 1813 ad
830 1767 950 1820 vires
971 1767 1126 1829 exiget
1145 1781 1280 1813 omne
1302 1782 1420 1814 ειιιιε.

382 1829 473 1881 Cui
492 1831 653 1885 faeiem
677 1839 835 1879 natura
855 1831 989 1886 dedit,
1013 1839 1239 1893 spectetur
1259 1832 1317 1884 ab
1335 1829 1437 1878 illa:

446 1895 535 1945 Cui
556 1897 680 1950 color
698 1904 783 1952 est,
804 1898 991 1943 humero
1013 1912 1134 1959 saepe
1146 1904 1335 1959 patente
1355 1898 1503 1946 cubet.

381 1961 476 2017 Qui
498 1977 704 2009 sermone
723 1962 882 2024 placet,
903 1962 1125 2008 taciturna
1146 1963 1323 2009 silentia
1342 1969 1545 2025 rumpat·

447 2026 540 2081 Qui
563 2027 683 2074 canit
704 2033 810 2081 arte,
835 2033 994 2074 canat.
1035 2027 1111 2088 qui
1131 2028 1240 2073 bibit
1261 2034 1367 2081 arte
1392 2028 1529 2075 bibat.
1590 2055 1594 2062 -

380 2092 472 2141 Sed
493 2106 637 2153 neque
638 2087 909 2138 declament
930 2092 1078 2138 medio
1101 2106 1308 2138 sermone
1330 2091 1512 2140 diserti.

445 2156 549 2204 Nec
572 2169 652 2203 sua
672 2172 765 2205 non
788 2172 922 2203 sanus
945 2157 1110 2219 scripta
1130 2157 1265 2219 poeta
1283 2157 1422 2218 legat.

379 2221 456 2269 Sic
478 2222 654 2268 monuit
676 2220 904 2268 Phoebus:
947 2220 1122 2268 Phoebo
1143 2230 1296 2284 parete
1317 2222 1536 2270 monenti.

447 2284 586 2335 Certa
608 2286 703 2333 Dei
725 2302 851 2333 sacro
874 2293 943 2332 est
964 2287 1129 2349 hujus
1117 2302 1164 2333 m
1187 2303 1266 2333 ore
1285 2284 1412 2333 fides.
1609 2289 1713 2335 510

380 2351 456 2398 Ad
508 2352 683 2413 ropiora
702 2366 853 2397 vocor.
898 2350 1116 2411 Quisquis
1132 2352 1358 2413 sapienter
1378 2351 1558 2408 amabit,

494 2415 627 2470 incet,
652 2422 699 2461 et
721 2413 748 2461 ὲ
769 2413 937 2469 nostrii,
960 2416 1079 2476 quod
1099 2423 1234 2478 petet,
1257 2423 1353 2462 arte
1372 2415 1503 2463 feret.

382 2475 567 2526 Credita
586 2494 671 2526 nec
692 2495 868 2541 semper
885 2476 999 2525 sulci
1023 2495 1124 2526 cum
1147 2480 1324 2527 foenore
1346 2481 1570 2529 reddunt:

446 2540 551 2588 Nec
572 2558 746 2604 semper
767 2544 923 2590 dubias
944 2544 1124 2606 adjuvat
1145 2558 1253 2592 aura
1274 2552 1407 2591 rates.
1566 2591 1571 2594 .

383 2604 522 2659 Quod
534 2607 678 2667 juvat,
701 2608 942 2668 exiguum;
976 2609 1076 2669 plus
1098 2614 1180 2663 est,
1202 2609 1341 2669 quod
1345 2610 1472 2658 laedit
1483 2619 1712 2663 amantes-

449 2666 711 2731 Proponant
730 2672 880 2719 animo
902 2672 1044 2724 multa
1061 2671 1246 2722 ferenda
1266 2688 1365 2724 suo.
1614 2717 1621 2724 .
